1853 2860
791 68 1076 112 -13-

175 184 222 228 ll
258 185 299 228 in
316 184 468 227 Heron.
495 183 688 235 Polion-c„
718 182 782 225 ed.
808 183 939 227 Paris.
967 181 1091 236 109⁴,
1120 190 1156 237 p.
1176 181 1260 225 324
1281 180 1419 238 q.s.‘¹)
1448 192 1540 226 cum
1568 182 1691 240 stag-⁴

170 262 309 303 mento
341 270 365 299 e
392 256 536 312 Pom!
565 257 674 300 mro
705 255 862 305 xxm)
894 256 959 300 ed.
989 256 1082 298 oar.
1113 256 1304 309 muare,
1333 242 1474 300 Puris?
1496 253 1603 301 1847
1645 257 1691 299 in

168 330 334 386 Iosephi
365 338 481 386 oper.
511 340 598 373 ree.
621 328 667 371 G.
688 328 879 383 Dindorf,
911 330 995 373 nol.
1012 330 1063 383 ΙΙ,
1095 330 1137 371 in
1166 329 1264 382 fine,
1293 342 1333 385 p.
1355 327 1693 383 His-iflffo'uod*

170 407 208 448 si
240 405 291 448 ab
334 405 400 447 Iris
444 405 665 447 transimus
694 403 747 445 ad
766 403 1274 459 excerptuconstantini,
1302 403 1502 448 uidemus·
1519 405 1612 448 rein
1642 413 1693 448 se

165 479 322 521 habere
341 481 484 521 sinon
514 469 648 532 peius,
678 482 817 520 tamen
846 482 963 519 certe
993 484 1077 519 non
1108 477 1265 520 meiius.
1312 478 1365 519 Vt
1394 479 1504 521 enim
1527 487 1609 533 per
1637 488 1689 522 se

166 560 252 593 non
282 555 351 593 est
377 558 450 593 res
469 551 591 604 mira,
621 551 658 592 si
676 555 949 605 exact-ptores
971 552 1014 593 in
1035 552 1243 605 excerptis
1254 550 1511 603 'scribendis,
1542 554 1687 605 quem-

168 630 292 679 qnam
322 625 365 666 in
385 625 630 668 uniuersum
646 622 792 680 Polybi
822 624 953 667 uerba
985 625 1072 679 ipsu
1089 625 1341 678 reddebant,
1369 632 1539 679 operam
1559 632 1686 679 saepe

165 697 322 740 dabant
362 696 652 741 contrahendo
692 698 864 740 breuius
907 699 1037 740 aethe
1079 697 1251 754 Polybi,
1292 700 1349 741 itu
1384 709 1434 741 ea
1479 700 1685 741 sententia

167 773 295 815 certis
326 772 598 827 argumentis,
631 782 740 825 quae
770 770 948 825 petenda
978 775 1075 813 sunt
1101 784 1155 813 ex
1183 768 1325 814 uerbis
1349 772 1685 825 ipsis'inspectis,

160 847 219 888 ita
249 846 542 898 confirmatur,
582 850 630 887 ut
659 845 713 887 de
740 855 791 887 ea
823 845 998 887 dubttari
1028 857 1202 900 prorsus
1233 855 1318 888 non
1348 847 1492 899 possit.
1554 845 1683 889 Cuius

160 920 227 961 rei
255 921 433 974 primum
463 920 746 961 testimonium
779 919 976 960 sumimus
1009 931 1063 961 ex
1092 920 1200 961 libro
1231 919 1377 972 XXIII,
1407 920 1476 961 ubi
1506 933 1562 961 ex
1592 928 1682 974 cop,

159 993 188 1035 4
219 992 400 1035 Bekkeri
432 993 593 1044 (Vrsin.
627 992 690 1034 ed.
721 1005 759 1045 p.
790 990 867 1043 88)
899 996 1085 1045 apparet,-
1115 979 1313 1047 excerpts
1343 1001 1470 1046 saepe
1499 1004 1583 1035 non
1613 994 1682 1035 fa-

160 1070 226 1109 cta
256 1076 352 1108 esse
382 1064 434 1107 ad
465 1066 655 1117 uerbum,
687 1064 762 1106 sed
793 1065 850 1106 ita
879 1069 1059 1117 tantum,
1085 1069 1130 1107 ut
1159 1077 1229 1107 res
1257 1067 1479 1118 primariae
1508 1072 1564 1108 ex
1594 1067 1679 1110 Po-

156 1140 241 1195 lybi
270 1140 447 1181 historia
476 1142 768 1192 promerentur
799 1139 935 1179 missis
966 1138 1041 1188 iis,
1094 1147 1203 1192 quae
1232 1143 1355 1179 erent
1381 1140 1553 1181 minoris
1584 1151 1680 1181 mot.

157 1214 306 1266 menti;
352 1212 438 1254 illic
469 1213 578 1254 enim
610 1223 700 1254 cum
730 1208 941 1265 quaedam
961 1216 1158 1267 excerpta
1188 1211 1277 1267 ipsa
1296 1244 1311 1263 ,
1352 1216 1459 1267 qnae
1487 1212 1680 1256 facienda

157 1290 303 1338 erant,
343 1286 464 1326 nobis
496 1294 581 1327 non
610 1286 850 1337 supersint,
902 1286 978 1327 sed
1009 1289 1170 1327 restent
1200 1289 1355 1326 tantum
1387 1287 1494 1327 tituli
1525 1295 1678 1329 excer-

156 1364 336 1414 ptorum,
367 1370 476 1413 quae
503 1359 701 1400 librarius
733 1358 876 1399 facere
916 1359 1054 1400 iussus
1097 1364 1216 1411 erat,
1263 1359 1441 1414 legimus
1482 1360 1606 1402 Bekk.
1637 1374 1677 1415 p.

157 1432 258 1485 955,
289 1445 329 1474 ιι.
362 1430 416 1474 33
448 1431 662 1473 librarium
702 1431 856 1472 iussum
898 1443 994 1473 esse
1036 1431 1235 1485 quaedam
1282 1441 1513 1487 excerpere
1544 1450 1676 1490 napa-

157 1508 348 1554 λαιωδῶς
377 1507 536 1559 (itaque
566 1516 651 1546 non
679 1509 875 1546 accurate
898 1503 948 1545 ad
981 1506 1196 1553 uerbum:
1229 1517 1308 1559 qua
1336 1517 1391 1547 ex
1420 1515 1470 1548 re
1501 1508 1674 1550 conclu-

156 1580 259 1621 dere
291 1590 530 1634 possumus,
561 1578 641 1619 hoc
670 1578 802 1630 ipsum
835 1580 1004 1630 saepius
1037 1578 1189 1619 factum
1221 1587 1315 1619 esse
1346 1580 1388 1619 in
1419 1581 1469 1621 iis
1502 1592 1673 1634 quoque

154 1654 388 1706 excerptis,
440 1664 545 1704 quae
595 1652 716 1691 nobis
749 1663 857 1692 nunc
888 1656 1127 1704 supersunt,
1158 1663 1238 1692 nec
1263 1652 1396 1693 solum
1428 1654 1470 1693 in
1502 1665 1590 1696 exc.
1621 1654 1672 1696 de
1754 1683 1758 1687 -

151 1725 277 1781 legat.
297 1755 309 1777 ‚
349 1737 405 1766 ex
435 1725 583 1779 quibus
612 1723 715 1765 iliud
747 1725 976 1778 exemplum
1008 1729 1214 1778 sumptum
1247 1730 1333 1777 est,
1377 1725 1452 1767 sed
1494 1727 1536 1767 in
1580 1727 1673 1769 aliis

152 1812 349 1854 quoque,
394 1800 491 1853 quia
541 1800 676 1840 omnia
723 1803 919 1852 excerpta
963 1804 1007 1841 ut
1038 1801 1124 1852 pari
1172 1799 1292 1841 modo
1324 1800 1473 1842 fierent
1503 1809 1674 1843 curasse

150 1875 358 1928 putandus
391 1878 457 1916 est
488 1874 795 1916 Constantinus.

266 1947 444 1989 Accedit
471 1947 645 1988 alterum
676 1947 785 1988 illius
825 1948 888 1987 rei
932 1947 1210 1987 testimonium
1240 1951 1444 1998 sumptum
1480 1954 1533 1988 ex
1563 1958 1671 1989 con-

148 2025 283 2071 textu,
313 2032 435 2075 quem
465 2019 665 2071 dicimus,
698 2024 987 2073 excerptorum
1019 2020 1110 2071 ipso
1142 2018 1409 2060 considerato
1419 2032 1433 2069 3
1481 2030 1601 2073 quem
1632 2022 1670 2063 si

149 2105 434 2148 comparamus
466 2105 560 2135 oum
589 2093 623 2134 V
653 2094 855 2135 librorum
884 2093 1144 2148 integrorum
1176 2095 1387 2146 contextu,
1418 2093 1551 2147 qualis
1582 2104 1662 2136 ex-

144 2168 311 2211 hibetur
341 2168 386 2209 in
414 2167 595 2221 ipsarum
624 2167 891 2208 historiarum
923 2155 1069 2221 Pomm
1109 2166 1348 2219 codicibus,
1388 2167 1668 2223 intellegimus

146 2241 225 2283 hnc
255 2253 422 2296 quoque
450 2241 617 2283 ratione
633 2270 646 2293 ‚
689 2239 904 2294 Polybium
933 2247 1065 2293 saepe·
1087 2241 1308 2294 scripsisse
1337 2242 1463 2285 multo
1492 2242 1665 2297 largius,

146 2326 267 2369 quam
287 2326 366 2356 nos
385 2315 576 2370 legumus
593 2315 637 2356 in
656 2313 885 2368 excerptis.
915 2313 1111 2356 Videmus
1138 2315 1246 2357 enim
1270 2323 1355 2357 non
1386 2318 1540 2358 tantum
1562 2316 1660 2356 sin·—

145 2388 247 2444 'gula
276 2388 408 2430 uerba
437 2388 481 2429 in
510 2389 592 2431 illis
614 2389 821 2443 excerptis
842 2389 994 2430 mutari
1014 2388 1329 2443 sententiasque
1349 2389 1536 2444 singutas
1565 2387 1666 2429 bre-

144 2462 257 2505 uiter
287 2460 583 2515 comprehendi
612 2462 758 2506 solitas
787 2475 897 2516 esse,
928 2461 1081 2505 deinde
1110 2464 1239 2517 prima
1270 2463 1485 2506 enuntiata
1501 2491 1514 2514 ,
1559 2470 1664 2515 quae
1728 2500 1734 2505 .

259 2570 300 2616 ί)
324 2570 379 2606 Ex
399 2579 472 2616 quo
495 2568 672 2604 Bekkerus
694 2570 731 2604 in
755 2570 836 2606 edit.
860 2570 980 2615 Polyb.
1006 2569 1126 2606 attulit.

145 2632 300 2725 butun-²)
323 2633 508 2679 Perper-m
533 2642 556 2667 a
578 2631 742 2668 nuella-o
771 2633 958 2669 semdum
989 2633 1118 2668 codicis
1141 2632 1344 2676 scripulum
1373 2628 1462 2666 libro
1485 2629 1574 2668 XXI.
1598 2632 1662 2667 tri-

1845 294 1853 363 1
