1835 2878
731 87 1014 134 ..21-

24 190 26 195 ‚
108 206 348 261 pertineant
377 201 431 259 ad
465 205 690 257 utrosque,
732 203 851 245 sonte.
884 205 1013 264 longe
1049 204 1254 258 principe:
1291 204 1394 247 nihil
1430 204 1510 246 iam
1540 206 1621 247 ob-

107 279 257 330 stabit„
297 271 516 330 quominus
555 274 750 330 paruolus
787 276 1114 331 discrepantias,
1155 288 1264 331 quae
1308 277 1476 320 exstant
1515 276 1624 319 inter

107 349 254 404 Polybi
284 353 327 391 et
348 349 445 391 -Liui
474 349 629 410 uerba,
669 336 756 392 *sed
787 361 896 404 quae
924 356 1023 393 sunt
1057 350 1288 402 eiusmodi,
1331 354 1377 391 ut
1404 350 1441 392 si
1468 360 1623 392 reuera

105 423 216 465 inter
243 423 410 465 sincera
440 423 585 479 Polybi
613 428 658 466 et
680 423 779 470 Liui
811 423 943 466 uerba
974 425 1263 476 exstitissent,
1294 422 1451 466 Liuium
1480 436 1504 465 a
1532 422 1620 466 Po-

104 496 220 552 lybio
249 492 481 539 recessisse
508 497 751 551 probarent,
782 497 1042 556 emendando
1062 500 1353 540 remoueamus
1373 498 1621 550 praesertim

103 573 212 623 tum,
262 582 353 613 cum
382 571 491 612 aliae
521 582 697 624 caussae
725 570 906 613 mutandi
936 569 1162 620 accedent,
1212 569 1289 613 sed
1318 581 1618 624 nonnunquam

104 643 163 684 ibi
193 645 374 698 quoque,
400 642 472 684 ubi
501 655 551 684 ea
583 643 776 685 condIcio
797 655 881 685 non
901 644 1136 698 apparebit3
1166 648 1289 697 atque
1313 644 1485 685 maxima
1504 647 1620 685 certe

102 715 201 768 pars
231 714 395 757 illatum
424 716 691 758 mutationum
721 717 805 758 erit
834 717 945 769 talis,
975 721 1020 759 ut
1048 717 1190 759 uerbis
1207 716 1455 771 Polybianis‚
1481 715 1620 769 quaIIa

103 787 224 828 nobis
253 789 405 830 tradita
435 794 558 839 sunt,
609 790 969 843 aliquidaddatur
996 803 1051 831 ex
1080 791 1209 841 Liuio,
1240 788 1349 843 quod
1379 788 1477 843 ille,
1520 790 1621 842 quia

108 872 163 903 ex
191 861 282 915 ipso
312 861 484 917 Polybio
515 864 701 917 sumpsit,
732 875 816 906 non
843 862 1036 917 haberet,
1066 864 1163 926 ¹nisi
1190 865 1330 917 prisco
1360 866 1546 917 tempore
1575 862 1619 905 in

106 935 252 990 Polybi
280 937 571 990 manuscriptis
603 938 847 979 exstitisset.
908 938 1101 996 Ceterum
1130 939 1228 979 licet
1265 939 1308 978 in
1337 936 1509 992 Polybio
1535 947 1617 978 ne-

101 1009 276 1051 cessitas
307 1009 566 1062 emendandi,
595 1015 640 1069 ut
670 1022 725 1051 ex
754 1011 819 1063 iis,
850 1022 959 1064 quae
990 1010 1266 1063 antecedunt,
1291 1009 1457 1064 prodit,
1486 1010 1613 1052 multo

101 1082 292 1136 saepius⁴
320 1093 521 1136 apparere
552 1082 729 1135 debeat,
779 1087 916 1125 tamen
957 1083 1163 1125 interdum
1203 1085 1245 1125 in
1274 1083 1390 1124 Liuio
1434 1093 1618 1136 quoque,

102 1156 256 1210 quippe
286 1157 404 1198 cuius
434 1156 553 1198 libris
583 1168 669 1197 non
700 1156 836 1198 desint
864 1157 1039 1211 plurima
1062 1157 1222 1210 menda,
1252 1157 1501 1199 mutationes
1522 1167 1618 1198 esse

101 1228 360 1282 adhibendas
399 1229 522 1271 facile
576 1229 862 1283 intellegitur3
910 1229 1096 1282 exempla
1139 1229 1359 1282 utriusque
1401 1229 1467 1269 rei
1508 1227 1617 1269 infra

101 1305 252 1355 sponte
282 1302 547 1355 apparebunt.

218 1375 368 1417 Verum
400 1376 508 1417 enim
538 1386 643 1423 uero
673 1387 727 1417 ne
756 1377 793 1417 si
822 1387 905 1431 qua
933 1388 1004 1418 res
1034 1381 1254 1430 praeterea
1281 1375 1516 1417 sententiae
1536 1386 1616 1415 no-

104 1452 221 1491 strae
252 1447 305 1490 de
334 1448 504 1492 Liuiano
545 1461 625 1491 usu
665 1450 810 1504 Polybi
850 1455 923 1492 aut
966 1449 1312 1493 commendationi
1342 1453 1411 1493 aut
1439 1447 1616 1503 impedi-

102 1526 241 1565 mento
273 1534 370 1566 esse
399 1524 616 1575 uideatur,
658 1523 826 1566 silentio
856 1525 909 1565 sit
938 1524 1230 1578 praetermissa
1247 1555 1259 1577 ‚
1278 1553 1280 1555 -
1301 1524 1444 1578 paucis
1473 1522 1616 1567 uerbis

103 1595 171 1637 hic
204 1598 404 1653 tangendi
426 1609 522 1640 esse
541 1598 737 1640 uidentur
758 1599 785 1639 ii
805 1597 889 1640 loci
918 1598 1216 1653 (cf.p.5—6)‚
1245 1598 1397 1652 quibus
1426 1598 1469 1638 in
1497 1597 1615 1638 librIs

101 1666 504 1715 XXXI.-—XXXXV.
563 1671 725 1724 Liuius,
775 1683 868 1713 cum
912 1672 964 1713 de
1012 1671 1197 1714 fontibus
1228 1671 1316 1715 suis
1344 1670 1540 1725 loquatur
1575 1673 1617 1711 et

101 1741 299 1785 iudicium
329 1744 479 1795 faciat,
523 1745 667 1800 Polybi
699 1757 850 1787 nomen
879 1745 1011 1798 ipsum
1042 1745 1208 1799 quidem
1237 1756 1324 1786 non
1353 1743 1532 1797 appellet
1561 1766 1615 1774 —-

101 1828 195 1857 nam
226 1816 279 1857 de
309 1818 361 1858 iis
391 1817 520 1870 locis,
573 1817 723 1871 quibus
764 1819 896 1872 ipsum
927 1818 1139 1870 nominat,
1178 1829 1302 1871 supra
1333 1817 1512 1858 diximus
1542 1838 1632 1868 —„

100 1888 176 1931 sed
202 1894 338 1931 tamen
366 1901 476 1931 uoce
504 1890 574 1932 illa
593 1892 874 1945 generaliore,
901 1904 981 1945 qua
1002 1893 1142 1942 utitur,
1173 1891 1457 1947 Polybium-et
1481 1890 1615 1942 ipsum

103 1962 460 2019 comprehendere
490 1963 682 2015 uidetur3
732 1964 926 2006 mittimus
973 1965 1161 2007 nimirum
1198 1970 1343 2006 omnes
1374 1974 1448 2006 eos
1477 1962 1613 2014 locoS,

100 2039 253 2092 quibus
286 2038 507 2093 praetere’a
537 2038 589 2081 de
618 2038 800 2081 fontibus
830 2041 919 2081 suis
950 2040 1131 2094 loquitur
1159 2038 1316 2081 Liuius.

216 2111 301 2154 Liu.
330 2111 498 2165 XXXII,
528 2111 571 2165 6,
601 2110 715 2157 5-8
744 2113 910 2155 Valerio
940 2112 1098 2155 Antiati
1128 2113 1348 2167 opponitur
1378 2115 1614 2153 ceterorum

99 2183 356 2227 Graecorum
386 2184 710 2240 Latinorumque
740 2190 958 2244 auctorum
975 2218 987 2240 ,
1035 2187 1145 2229 inter
1174 2198 1283 2241 quos
1311 2186 1461 2241 procul
1488 2184 1611 2226 dubio

100 2258 295 2314 Polybius
326 2258 607 2301 numerandus
635 2264 726 2312 est,
766 2261 952 2303 narratio
983 2272 1115 2314 eaque
1146 2261 1238 2303 sine
1279 2260 1406 2301 dubio
1436 2271 1460 2300 a
1489 2259 1609 2300 Liuio

99 2332 314 2388 probatur.
374 2333 463 2375 Liu.
496 2333 698 2387 XXXVII,
728 2331 800 2386 34,
830 2332 968 2386 5-6,
1008 2346 1100 2375 cum
1131 2333 1184 2374 de
1214 2332 1422 2387 Scipionis
1452 2332 1509 2375 fili
1540 2345 1611 2374 ca·

97 2405 284 2461 ptiuitate
311 2405 588 2449 discesserint
616 2408 725 2449 inter
754 2419 801 2449 se
828 2411 1034 2457 auctores,
1065 2406 1249 2448 nominat
1279 2406 1480 2458 „aliorum
1513 2406 1608 2457 —“,

98 2481 296 2535 „aliorum
326 2478 404 2511 ·——“
434 2481 692 2531 sententiam.
753 2482 863 2523 Inter
898 2480 1061 2534 priores
1102 2483 1166 2522 est
1195 2480 1408 2536 Polybius,
1440 2479 1490 2521 cf.
1522 2479 1609 2521 Pol.

100 2554 209 2608 XXI,
243 2553 311 2613 12,
340 2552 381 2608 3,
412 2553 686 2607 Lachmann„
717 2555 768 2605 Il,
799 2552 878 2603 56,·
928 2557 1119 2595 utrorum
1163 2555 1412 2596 sententiam
1454 2556 1609 2595 rectam

101 2620 196 2683 esse
221 2633 350 2685 putet,
380 2641 465 2674 non
492 2628 590 2672 dicit
609 2628 764 2671 Liuius.
797 2653 845 2662 -
881 2628 970 2675 Liu.
1000 2628 1244 2684 XXXVIIII,
1264 2627 1334 2681 50,
1358 2626 1411 2671 10
1439 2627 1481 2669 in
1500 2627 1610 2670 scri-

18 2706 20 2708 ·
98 2703 261 2755 ptorum
289 2716 433 2750 rerum
463 2702 718 2749 Graecorum
756 2703 1079 2759 Latinorumque
1126 2714 1298 2747 numero
1317 2732 1330 2756 ,
1374 2712 1482 2757 quos
1512 2701 1609 2745 dicit
