<?xml version="1.0" encoding="UTF-8"?>
<!DOCTYPE html PUBLIC "-//W3C//DTD XHTML 1.0 Transitional//EN"
    "http://www.w3.org/TR/xhtml1/DTD/xhtml1-transitional.dtd">
<html xmlns="http://www.w3.org/1999/xhtml" xml:lang="en" lang="en">
 <head>
  <title>
</title>
<meta http-equiv="Content-Type" content="text/html;charset=utf-8" />
  <meta name='ocr-system' content='tesseract 3.04.00' />
  <meta name='ocr-capabilities' content='ocr_page ocr_carea ocr_par ocr_line ocrx_word'/>
</head>
<body>
  <div class='ocr_page' id='page_1' title='image "4738025_0068.png"; bbox 0 0 1853 2860; ppageno 0'>
   <div class='ocr_carea' id='block_1_1' title="bbox 810 62 1095 113">
    <p class='ocr_par' dir='ltr' id='par_1_1' title="bbox 810 62 1095 113">
     <span class='ocr_line' id='line_1_1' title="bbox 810 62 1095 113; baseline 0.007 -20"><span class='ocrx_word' id='word_1_1' title='bbox 810 62 1095 113; x_wconf 51' lang='lat' dir='ltr'><strong>-5g.‚</strong></span> 
     </span>
    </p>
   </div>
   <div class='ocr_carea' id='block_1_2' title="bbox 176 179 1705 532">
    <p class='ocr_par' dir='ltr' id='par_1_2' title="bbox 176 179 1705 532">
     <span class='ocr_line' id='line_1_2' title="bbox 182 179 1705 236; baseline 0.002 -16"><span class='ocrx_word' id='word_1_2' title='bbox 182 179 348 235; x_wconf 70' lang='grc' dir='ltr'><strong>Λίμνῃ,</strong></span> <span class='ocrx_word' id='word_1_3' title='bbox 378 181 419 221; x_wconf 85' lang='lat' dir='ltr'><strong>in</strong></span> <span class='ocrx_word' id='word_1_4' title='bbox 451 179 567 222; x_wconf 83' lang='lat' dir='ltr'><strong>Liuio</strong></span> <span class='ocrx_word' id='word_1_5' title='bbox 597 182 674 234; x_wconf 84' lang='lat' dir='ltr'><strong>„ad</strong></span> <span class='ocrx_word' id='word_1_6' title='bbox 707 181 917 223; x_wconf 84' lang='lat' dir='ltr'><strong>Limnen“.</strong></span> <span class='ocrx_word' id='word_1_7' title='bbox 980 182 1202 223; x_wconf 74' lang='lat' dir='ltr'><strong>Praeterea</strong></span> <span class='ocrx_word' id='word_1_8' title='bbox 1224 213 1236 234; x_wconf 94' lang='lat'>,</span> <span class='ocrx_word' id='word_1_9' title='bbox 1277 191 1516 236; x_wconf 81' lang='lat' dir='ltr'><strong>quamquam</strong></span> <span class='ocrx_word' id='word_1_10' title='bbox 1545 180 1705 223; x_wconf 78' lang='lat' dir='ltr'><strong>Liuium</strong></span> 
     </span>
     <span class='ocr_line' id='line_1_3' title="bbox 180 252 1705 309; baseline 0.002 -16"><span class='ocrx_word' id='word_1_11' title='bbox 180 252 249 294; x_wconf 90' lang='lat' dir='ltr'><strong>hic</strong></span> <span class='ocrx_word' id='word_1_12' title='bbox 297 258 466 306; x_wconf 82' lang='lat' dir='ltr'><strong>praeter</strong></span> <span class='ocrx_word' id='word_1_13' title='bbox 496 253 708 309; x_wconf 79' lang='lat' dir='ltr'><strong>Polybium</strong></span> <span class='ocrx_word' id='word_1_14' title='bbox 752 255 835 296; x_wconf 85' lang='lat' dir='ltr'><strong>alio</strong></span> <span class='ocrx_word' id='word_1_15' title='bbox 877 265 1047 309; x_wconf 88' lang='lat' dir='ltr'><strong>quoque</strong></span> <span class='ocrx_word' id='word_1_16' title='bbox 1094 254 1211 296; x_wconf 78' lang='lat' dir='ltr'><strong>fonte</strong></span> <span class='ocrx_word' id='word_1_17' title='bbox 1252 264 1501 298; x_wconf 35' lang='lat' dir='ltr'><strong>usumvesse</strong></span> <span class='ocrx_word' id='word_1_18' title='bbox 1527 258 1705 308; x_wconf 76' lang='lat' dir='ltr'><strong>constat,-</strong></span> 
     </span>
     <span class='ocr_line' id='line_1_4' title="bbox 179 324 1705 381; baseline 0.002 -14"><span class='ocrx_word' id='word_1_19' title='bbox 179 330 328 379; x_wconf 84' lang='lat' dir='ltr'><strong>tamen,</strong></span> <span class='ocrx_word' id='word_1_20' title='bbox 360 340 467 381; x_wconf 87' lang='lat' dir='ltr'><strong>quae</strong></span> <span class='ocrx_word' id='word_1_21' title='bbox 491 332 516 377; x_wconf 68' lang='grc' dir='ltr'><strong>ς</strong></span> <span class='ocrx_word' id='word_1_22' title='bbox 545 327 574 370; x_wconf 82' lang='lat'>4</span> <span class='ocrx_word' id='word_1_23' title='bbox 605 329 729 370; x_wconf 77' lang='lat' dir='ltr'><strong>habet</strong></span> <span class='ocrx_word' id='word_1_24' title='bbox 760 328 812 370; x_wconf 88' lang='lat' dir='ltr'><strong>de</strong></span> <span class='ocrx_word' id='word_1_25' title='bbox 843 329 1223 370; x_wconf 80' lang='lat' dir='ltr'><strong>numero‘militum</strong></span> <span class='ocrx_word' id='word_1_26' title='bbox 1252 340 1347 371; x_wconf 78' lang='lat' dir='ltr'><strong>cum</strong></span> <span class='ocrx_word' id='word_1_27' title='bbox 1374 328 1523 371; x_wconf 82' lang='lat' dir='ltr'><strong>Helqu</strong></span> <span class='ocrx_word' id='word_1_28' title='bbox 1555 324 1705 372; x_wconf 81' lang='lat' dir='ltr'><strong>misso-</strong></span> 
     </span>
     <span class='ocr_line' id='line_1_5' title="bbox 176 395 1704 457; baseline 0.003 -16"><span class='ocrx_word' id='word_1_29' title='bbox 176 411 269 441; x_wconf 84' lang='lat' dir='ltr'><strong>rum</strong></span> <span class='ocrx_word' id='word_1_30' title='bbox 300 405 343 441; x_wconf 82' lang='lat' dir='ltr'><strong>et</strong></span> <span class='ocrx_word' id='word_1_31' title='bbox 373 405 398 451; x_wconf 72' lang='lat' dir='ltr'><strong>s</strong></span> <span class='ocrx_word' id='word_1_32' title='bbox 433 403 486 446; x_wconf 82' lang='grc'><strong>14</strong></span> <span class='ocrx_word' id='word_1_33' title='bbox 533 402 585 443; x_wconf 87' lang='lat' dir='ltr'><strong>de</strong></span> <span class='ocrx_word' id='word_1_34' title='bbox 615 414 693 444; x_wconf 85' lang='lat' dir='ltr'><strong>sex</strong></span> <span class='ocrx_word' id='word_1_35' title='bbox 725 401 871 444; x_wconf 89' lang='lat' dir='ltr'><strong>diebus</strong></span> <span class='ocrx_word' id='word_1_36' title='bbox 892 433 904 455; x_wconf 91' lang='lat'><strong>,</strong></span> <span class='ocrx_word' id='word_1_37' title='bbox 957 402 1152 457; x_wconf 77' lang='lat' dir='ltr'><strong>Polybius</strong></span> <span class='ocrx_word' id='word_1_38' title='bbox 1203 414 1287 444; x_wconf 90' lang='lat' dir='ltr'><strong>non</strong></span> <span class='ocrx_word' id='word_1_39' title='bbox 1334 402 1470 444; x_wconf 78' lang='lat' dir='ltr'><strong>minus</strong></span> <span class='ocrx_word' id='word_1_40' title='bbox 1510 395 1704 445; x_wconf 65' lang='lat' dir='ltr'><strong>narrasse</strong></span> 
     </span>
     <span class='ocr_line' id='line_1_6' title="bbox 176 469 1701 532; baseline 0.002 -17"><span class='ocrx_word' id='word_1_41' title='bbox 176 475 379 526; x_wconf 84' lang='lat' dir='ltr'><strong>uidetur,·</strong></span> <span class='ocrx_word' id='word_1_42' title='bbox 430 489 550 530; x_wconf 83' lang='lat' dir='ltr'><strong>quam</strong></span> <span class='ocrx_word' id='word_1_43' title='bbox 593 478 646 517; x_wconf 91' lang='lat' dir='ltr'><strong>ob</strong></span> <span class='ocrx_word' id='word_1_44' title='bbox 677 489 765 517; x_wconf 88' lang='lat' dir='ltr'><strong>rem</strong></span> <span class='ocrx_word' id='word_1_45' title='bbox 808 489 1006 518; x_wconf 87' lang='lat' dir='ltr'><strong>numerus</strong></span> <span class='ocrx_word' id='word_1_46' title='bbox 1049 477 1120 517; x_wconf 88' lang='lat' dir='ltr'><strong>ille</strong></span> <span class='ocrx_word' id='word_1_47' title='bbox 1152 481 1247 518; x_wconf 77' lang='lat' dir='ltr'><strong>ante</strong></span> <span class='ocrx_word' id='word_1_48' title='bbox 1277 482 1464 518; x_wconf 78' lang='lat' dir='ltr'><strong>nostram</strong></span> <span class='ocrx_word' id='word_1_49' title='bbox 1486 469 1701 532; x_wconf 79' lang='lat' dir='ltr'><strong>eclogam,</strong></span> 
     </span>
    </p>
   </div>
   <div class='ocr_carea' id='block_1_3' title="bbox 176 547 1779 605">
    <p class='ocr_par' dir='ltr' id='par_1_3' title="bbox 176 547 1779 605">
     <span class='ocr_line' id='line_1_7' title="bbox 176 547 1779 605; baseline 0.002 -17"><span class='ocrx_word' id='word_1_50' title='bbox 176 547 243 588; x_wconf 86' lang='lat' dir='ltr'><strong>hic</strong></span> <span class='ocrx_word' id='word_1_51' title='bbox 273 553 367 601; x_wconf 89' lang='lat' dir='ltr'><strong>post</strong></span> <span class='ocrx_word' id='word_1_52' title='bbox 398 562 486 590; x_wconf 85' lang='lat' dir='ltr'><strong>eam</strong></span> <span class='ocrx_word' id='word_1_53' title='bbox 518 550 558 590; x_wconf 92' lang='lat' dir='ltr'><strong>in</strong></span> <span class='ocrx_word' id='word_1_54' title='bbox 594 550 735 605; x_wconf 87' lang='lat' dir='ltr'>Polybi</span> <span class='ocrx_word' id='word_1_55' title='bbox 767 554 991 601; x_wconf 78' lang='lat' dir='ltr'><strong>contextu,</strong></span> <span class='ocrx_word' id='word_1_56' title='bbox 1032 551 1101 604; x_wconf 87' lang='lat' dir='ltr'><strong>qui</strong></span> <span class='ocrx_word' id='word_1_57' title='bbox 1143 550 1318 603; x_wconf 81' lang='lat' dir='ltr'><strong>dicitur,</strong></span> <span class='ocrx_word' id='word_1_58' title='bbox 1362 550 1541 603; x_wconf 79' lang='lat' dir='ltr'><strong>scriptus</strong></span> <span class='ocrx_word' id='word_1_59' title='bbox 1572 550 1703 591; x_wconf 81' lang='lat' dir='ltr'><strong>fuisse</strong></span> <span class='ocrx_word' id='word_1_60' title='bbox 1772 585 1779 596; x_wconf 87' lang='lat'><strong>.</strong></span> 
     </span>
    </p>
   </div>
   <div class='ocr_carea' id='block_1_4' title="bbox 175 623 1702 974">
    <p class='ocr_par' dir='ltr' id='par_1_4' title="bbox 175 623 1700 754">
     <span class='ocr_line' id='line_1_8' title="bbox 175 623 1700 680; baseline 0.001 -16"><span class='ocrx_word' id='word_1_61' title='bbox 175 623 381 676; x_wconf 85' lang='lat' dir='ltr'><strong>putandus</strong></span> <span class='ocrx_word' id='word_1_62' title='bbox 414 630 489 668; x_wconf 84' lang='lat' dir='ltr'><strong>est.</strong></span> <span class='ocrx_word' id='word_1_63' title='bbox 551 624 810 666; x_wconf 82' lang='lat' dir='ltr'><strong>Exciderunt</strong></span> <span class='ocrx_word' id='word_1_64' title='bbox 841 630 1058 678; x_wconf 81' lang='lat' dir='ltr'><strong>praeterea</strong></span> <span class='ocrx_word' id='word_1_65' title='bbox 1089 626 1132 666; x_wconf 89' lang='lat' dir='ltr'><strong>in</strong></span> <span class='ocrx_word' id='word_1_66' title='bbox 1164 626 1313 680; x_wconf 81' lang='lat' dir='ltr'><strong>ecloga</strong></span> <span class='ocrx_word' id='word_1_67' title='bbox 1345 629 1489 666; x_wconf 87' lang='lat' dir='ltr'><strong>nostra</strong></span> <span class='ocrx_word' id='word_1_68' title='bbox 1519 623 1700 667; x_wconf 80' lang='lat' dir='ltr'><strong>fortasse</strong></span> 
     </span>
     <span class='ocr_line' id='line_1_9' title="bbox 178 696 1699 754; baseline 0.001 -14"><span class='ocrx_word' id='word_1_69' title='bbox 178 698 309 740; x_wconf 85' lang='lat' dir='ltr'><strong>uerba</strong></span> <span class='ocrx_word' id='word_1_70' title='bbox 339 699 408 741; x_wconf 89' lang='lat' dir='ltr'><strong>illa</strong></span> <span class='ocrx_word' id='word_1_71' title='bbox 451 698 503 739; x_wconf 88' lang='lat' dir='ltr'><strong>de</strong></span> <span class='ocrx_word' id='word_1_72' title='bbox 533 699 644 740; x_wconf 86' lang='lat' dir='ltr'><strong>XXV</strong></span> <span class='ocrx_word' id='word_1_73' title='bbox 673 699 868 752; x_wconf 66' lang='lat' dir='ltr'><strong>talentis,</strong></span> <span class='ocrx_word' id='word_1_74' title='bbox 910 705 1018 752; x_wconf 77' lang='lat' dir='ltr'><strong>qu‘ae</strong></span> <span class='ocrx_word' id='word_1_75' title='bbox 1059 699 1259 754; x_wconf 77' lang='lat' dir='ltr'><strong>leguntur</strong></span> <span class='ocrx_word' id='word_1_76' title='bbox 1291 697 1377 740; x_wconf 86' lang='lat' dir='ltr'><strong>Liu.</strong></span> <span class='ocrx_word' id='word_1_77' title='bbox 1419 702 1446 748; x_wconf 68' lang='grc' dir='ltr'>ς</span> <span class='ocrx_word' id='word_1_78' title='bbox 1480 698 1532 740; x_wconf 90' lang='grc'><strong>10</strong></span> <span class='ocrx_word' id='word_1_79' title='bbox 1552 702 1602 740; x_wconf 75' lang='lat' dir='ltr'><strong>‚et</strong></span> <span class='ocrx_word' id='word_1_80' title='bbox 1633 696 1699 742; x_wconf 85' lang='grc'><strong>12.</strong></span> 
     </span>
    </p>

    <p class='ocr_par' dir='ltr' id='par_1_5' title="bbox 175 771 1702 974">
     <span class='ocr_line' id='line_1_10' title="bbox 292 771 1696 826; baseline 0 -14"><span class='ocrx_word' id='word_1_81' title='bbox 292 771 370 825; x_wconf 63' lang='grc' dir='ltr'><strong>κβ,</strong></span> <span class='ocrx_word' id='word_1_82' title='bbox 407 774 477 815; x_wconf 88' lang='lat'><strong>18:</strong></span> <span class='ocrx_word' id='word_1_83' title='bbox 520 773 751 823; x_wconf 84' lang='lat' dir='ltr'><strong>XXXVIII,</strong></span> <span class='ocrx_word' id='word_1_84' title='bbox 789 774 863 823; x_wconf 88' lang='lat'><strong>15,</strong></span> <span class='ocrx_word' id='word_1_85' title='bbox 894 773 1019 815; x_wconf 80' lang='grc'><strong>3-6.</strong></span> <span class='ocrx_word' id='word_1_86' title='bbox 1080 773 1164 814; x_wconf 86' lang='lat' dir='ltr'><strong>Aut</strong></span> <span class='ocrx_word' id='word_1_87' title='bbox 1203 774 1246 815; x_wconf 91' lang='lat' dir='ltr'><strong>in</strong></span> <span class='ocrx_word' id='word_1_88' title='bbox 1290 772 1409 813; x_wconf 88' lang='lat' dir='ltr'><strong>Liuio</strong></span> <span class='ocrx_word' id='word_1_89' title='bbox 1456 784 1510 813; x_wconf 83' lang='lat' dir='ltr'><strong>ex</strong></span> <span class='ocrx_word' id='word_1_90' title='bbox 1554 772 1696 826; x_wconf 85' lang='lat' dir='ltr'><strong>Polybi</strong></span> 
     </span>
     <span class='ocr_line' id='line_1_11' title="bbox 175 843 1701 899; baseline 0.002 -14"><span class='ocrx_word' id='word_1_91' title='bbox 175 843 471 898; x_wconf 65' lang='lat' dir='ltr'><strong>K035idssarov</strong></span> <span class='ocrx_word' id='word_1_92' title='bbox 502 845 740 887; x_wconf 81' lang='lat' dir='ltr'><strong>mutandum</strong></span> <span class='ocrx_word' id='word_1_93' title='bbox 772 851 837 888; x_wconf 87' lang='lat' dir='ltr'><strong>est</strong></span> <span class='ocrx_word' id='word_1_94' title='bbox 869 846 1168 899; x_wconf 84' lang='lat' dir='ltr'><strong>„Colubatum“</strong></span> <span class='ocrx_word' id='word_1_95' title='bbox 1201 846 1292 897; x_wconf 89' lang='lat' dir='ltr'><strong>(aut</strong></span> <span class='ocrx_word' id='word_1_96' title='bbox 1320 846 1585 899; x_wconf 75' lang='lat' dir='ltr'><strong>Colobatum)</strong></span> <span class='ocrx_word' id='word_1_97' title='bbox 1631 850 1701 888; x_wconf 83' lang='lat' dir='ltr'><strong>aut</strong></span> 
     </span>
     <span class='ocr_line' id='line_1_12' title="bbox 179 916 1702 974; baseline -0.001 -14"><span class='ocrx_word' id='word_1_98' title='bbox 179 921 221 960; x_wconf 89' lang='lat' dir='ltr'><strong>in</strong></span> <span class='ocrx_word' id='word_1_99' title='bbox 244 920 415 974; x_wconf 80' lang='lat' dir='ltr'><strong>Polybio</strong></span> <span class='ocrx_word' id='word_1_100' title='bbox 447 932 501 960; x_wconf 88' lang='lat' dir='ltr'><strong>ex</strong></span> <span class='ocrx_word' id='word_1_101' title='bbox 520 920 611 960; x_wconf 91' lang='lat' dir='ltr'><strong>Liui</strong></span> <span class='ocrx_word' id='word_1_102' title='bbox 642 920 933 974; x_wconf 80' lang='lat' dir='ltr'><strong>„Cobulatum“</strong></span> <span class='ocrx_word' id='word_1_103' title='bbox 956 920 1190 961; x_wconf 85' lang='lat' dir='ltr'><strong>mutandum</strong></span> <span class='ocrx_word' id='word_1_104' title='bbox 1214 916 1464 971; x_wconf 81' lang='grc' dir='ltr'><strong><em>Κοβόλατον</em></strong></span> <span class='ocrx_word' id='word_1_105' title='bbox 1493 920 1585 970; x_wconf 87' lang='lat' dir='ltr'><strong>(aut</strong></span> <span class='ocrx_word' id='word_1_106' title='bbox 1611 918 1702 958; x_wconf 89' lang='lat' dir='ltr'><strong>Ko-</strong></span> 
     </span>
    </p>
   </div>
   <div class='ocr_carea' id='block_1_5' title="bbox 137 991 1700 2461">
    <p class='ocr_par' dir='ltr' id='par_1_6' title="bbox 176 991 1256 1047">
     <span class='ocr_line' id='line_1_13' title="bbox 176 991 1256 1047; baseline 0.002 -14"><span class='ocrx_word' id='word_1_107' title='bbox 176 991 433 1046; x_wconf 84' lang='grc' dir='ltr'>βοὺλατον);</span> <span class='ocrx_word' id='word_1_108' title='bbox 472 997 606 1035; x_wconf 88' lang='lat' dir='ltr'><strong>utrum</strong></span> <span class='ocrx_word' id='word_1_109' title='bbox 636 994 868 1036; x_wconf 84' lang='lat' dir='ltr'><strong>faciendum</strong></span> <span class='ocrx_word' id='word_1_110' title='bbox 898 996 965 1046; x_wconf 89' lang='lat' dir='ltr'><strong>sit,</strong></span> <span class='ocrx_word' id='word_1_111' title='bbox 998 1006 1083 1035; x_wconf 91' lang='lat' dir='ltr'><strong>non</strong></span> <span class='ocrx_word' id='word_1_112' title='bbox 1114 995 1256 1047; x_wconf 63' lang='lat' dir='ltr'><strong>liquet.</strong></span> 
     </span>
    </p>

    <p class='ocr_par' dir='ltr' id='par_1_7' title="bbox 172 1066 1700 1419">
     <span class='ocr_line' id='line_1_14' title="bbox 291 1066 1700 1119; baseline -0.002 -8"><span class='ocrx_word' id='word_1_113' title='bbox 291 1066 369 1119; x_wconf 80' lang='grc' dir='ltr'><strong>κβ’,</strong></span> <span class='ocrx_word' id='word_1_114' title='bbox 407 1068 480 1111; x_wconf 87' lang='lat'><strong>19:</strong></span> <span class='ocrx_word' id='word_1_115' title='bbox 512 1068 733 1118; x_wconf 79' lang='lat' dir='ltr'><strong>XXXVIII,</strong></span> <span class='ocrx_word' id='word_1_116' title='bbox 769 1069 836 1118; x_wconf 86' lang='lat'><strong>15,</strong></span> <span class='ocrx_word' id='word_1_117' title='bbox 868 1069 1025 1110; x_wconf 86' lang='lat'><strong>8—11.</strong></span> <span class='ocrx_word' id='word_1_118' title='bbox 1086 1068 1148 1107; x_wconf 86' lang='lat' dir='ltr'><strong>Ex</strong></span> <span class='ocrx_word' id='word_1_119' title='bbox 1178 1068 1259 1106; x_wconf 89' lang='lat' dir='ltr'><strong>alio</strong></span> <span class='ocrx_word' id='word_1_120' title='bbox 1301 1066 1417 1107; x_wconf 79' lang='lat' dir='ltr'><strong>fonte</strong></span> <span class='ocrx_word' id='word_1_121' title='bbox 1447 1067 1589 1107; x_wconf 89' lang='lat' dir='ltr'><strong>Liuius</strong></span> <span class='ocrx_word' id='word_1_122' title='bbox 1619 1066 1700 1108; x_wconf 87' lang='lat' dir='ltr'><strong>ha-</strong></span> 
     </span>
     <span class='ocr_line' id='line_1_15' title="bbox 177 1139 1697 1195; baseline 0.001 -15"><span class='ocrx_word' id='word_1_123' title='bbox 177 1140 261 1193; x_wconf 84' lang='lat' dir='ltr'><strong>bet,</strong></span> <span class='ocrx_word' id='word_1_124' title='bbox 293 1152 402 1194; x_wconf 88' lang='lat' dir='ltr'><strong>quae</strong></span> <span class='ocrx_word' id='word_1_125' title='bbox 432 1141 547 1182; x_wconf 80' lang='lat' dir='ltr'><strong>addit</strong></span> <span class='ocrx_word' id='word_1_126' title='bbox 578 1140 630 1182; x_wconf 91' lang='lat' dir='ltr'><strong>de</strong></span> <span class='ocrx_word' id='word_1_127' title='bbox 659 1141 945 1195; x_wconf 84' lang='lat' dir='ltr'><strong>Sagalassenis</strong></span> <span class='ocrx_word' id='word_1_128' title='bbox 979 1141 1143 1191; x_wconf 83' lang='lat' dir='ltr'><strong>Pisidis,</strong></span> <span class='ocrx_word' id='word_1_129' title='bbox 1176 1140 1256 1181; x_wconf 87' lang='lat' dir='ltr'><strong>nisi</strong></span> <span class='ocrx_word' id='word_1_130' title='bbox 1283 1139 1393 1181; x_wconf 76' lang='lat' dir='ltr'><strong>forle</strong></span> <span class='ocrx_word' id='word_1_131' title='bbox 1414 1139 1569 1181; x_wconf 83' lang='lat' dir='ltr'><strong>omissa</strong></span> <span class='ocrx_word' id='word_1_132' title='bbox 1598 1145 1697 1182; x_wconf 87' lang='lat' dir='ltr'><strong>sunt</strong></span> 
     </span>
     <span class='ocr_line' id='line_1_16' title="bbox 172 1214 1696 1270; baseline -0.001 -14"><span class='ocrx_word' id='word_1_133' title='bbox 172 1216 215 1256; x_wconf 90' lang='lat' dir='ltr'><strong>in</strong></span> <span class='ocrx_word' id='word_1_134' title='bbox 237 1216 379 1269; x_wconf 81' lang='lat' dir='ltr'><strong>Polybi</strong></span> <span class='ocrx_word' id='word_1_135' title='bbox 408 1216 549 1257; x_wconf 89' lang='lat' dir='ltr'><strong>uerbis</strong></span> <span class='ocrx_word' id='word_1_136' title='bbox 582 1216 633 1257; x_wconf 84' lang='lat' dir='ltr'><strong>ab</strong></span> <span class='ocrx_word' id='word_1_137' title='bbox 664 1221 927 1269; x_wconf 86' lang='lat' dir='ltr'><strong>excerptore.</strong></span> <span class='ocrx_word' id='word_1_138' title='bbox 989 1216 1130 1270; x_wconf 85' lang='lat' dir='ltr'><strong>Polybi</strong></span> <span class='ocrx_word' id='word_1_139' title='bbox 1163 1216 1294 1257; x_wconf 88' lang='lat' dir='ltr'><strong>uerba</strong></span> <span class='ocrx_word' id='word_1_140' title='bbox 1325 1215 1392 1256; x_wconf 86' lang='lat' dir='ltr'><strong>bic</strong></span> <span class='ocrx_word' id='word_1_141' title='bbox 1423 1214 1696 1256; x_wconf 82' lang='lat' dir='ltr'><strong>uehementer</strong></span> 
     </span>
     <span class='ocr_line' id='line_1_17' title="bbox 173 1289 1697 1352; baseline 0.001 -23"><span class='ocrx_word' id='word_1_142' title='bbox 173 1295 370 1343; x_wconf 85' lang='lat' dir='ltr'><strong>excerpta</strong></span> <span class='ocrx_word' id='word_1_143' title='bbox 401 1301 497 1352; x_wconf 82' lang='lat' dir='ltr'><strong>esse</strong></span> <span class='ocrx_word' id='word_1_144' title='bbox 530 1294 655 1342; x_wconf 82' lang='lat' dir='ltr'><strong>put03</strong></span> <span class='ocrx_word' id='word_1_145' title='bbox 706 1290 761 1330; x_wconf 86' lang='lat' dir='ltr'><strong>ita</strong></span> <span class='ocrx_word' id='word_1_146' title='bbox 808 1290 923 1331; x_wconf 87' lang='lat' dir='ltr'><strong>urbis</strong></span> <span class='ocrx_word' id='word_1_147' title='bbox 956 1290 1115 1331; x_wconf 79' lang='lat' dir='ltr'><strong>Darsae</strong></span> <span class='ocrx_word' id='word_1_148' title='bbox 1145 1301 1311 1345; x_wconf 86' lang='lat' dir='ltr'><strong>quoque</strong></span> <span class='ocrx_word' id='word_1_149' title='bbox 1341 1290 1593 1331; x_wconf 81' lang='lat' dir='ltr'><strong>mentionem</strong></span> <span class='ocrx_word' id='word_1_150' title='bbox 1624 1289 1697 1330; x_wconf 89' lang='lat' dir='ltr'><strong>Li-</strong></span> 
     </span>
     <span class='ocr_line' id='line_1_18' title="bbox 175 1364 840 1419; baseline 0 -16"><span class='ocrx_word' id='word_1_151' title='bbox 175 1364 270 1404; x_wconf 86' lang='lat' dir='ltr'><strong>uius</strong></span> <span class='ocrx_word' id='word_1_152' title='bbox 303 1368 417 1405; x_wconf 80' lang='lat' dir='ltr'><strong>certe</strong></span> <span class='ocrx_word' id='word_1_153' title='bbox 448 1366 490 1404; x_wconf 90' lang='lat' dir='ltr'><strong>in</strong></span> <span class='ocrx_word' id='word_1_154' title='bbox 522 1364 692 1419; x_wconf 85' lang='lat' dir='ltr'><strong>Polybio</strong></span> <span class='ocrx_word' id='word_1_155' title='bbox 724 1364 840 1418; x_wconf 85' lang='lat' dir='ltr'><strong>legit.</strong></span> 
     </span>
    </p>

    <p class='ocr_par' dir='ltr' id='par_1_8' title="bbox 137 1434 1698 2461">
     <span class='ocr_line' id='line_1_19' title="bbox 294 1434 1697 1491; baseline 0.001 -17"><span class='ocrx_word' id='word_1_156' title='bbox 294 1438 376 1488; x_wconf 85' lang='grc' dir='ltr'><strong>κβ,</strong></span> <span class='ocrx_word' id='word_1_157' title='bbox 406 1435 475 1489; x_wconf 91' lang='grc'><strong>20,</strong></span> <span class='ocrx_word' id='word_1_158' title='bbox 510 1436 616 1480; x_wconf 87' lang='grc'><strong>1-3</strong></span> <span class='ocrx_word' id='word_1_159' title='bbox 648 1437 717 1488; x_wconf 85' lang='grc' dir='ltr'><strong>(Β.</strong></span> <span class='ocrx_word' id='word_1_160' title='bbox 747 1436 846 1489; x_wconf 83' lang='grc'><strong>941,</strong></span> <span class='ocrx_word' id='word_1_161' title='bbox 878 1450 916 1479; x_wconf 86' lang='lat' dir='ltr'><strong>u.</strong></span> <span class='ocrx_word' id='word_1_162' title='bbox 948 1434 1162 1490; x_wconf 80' lang='lat'>25·-33):</span> <span class='ocrx_word' id='word_1_163' title='bbox 1203 1436 1431 1491; x_wconf 89' lang='lat' dir='ltr'><strong>XXXVIII,</strong></span> <span class='ocrx_word' id='word_1_164' title='bbox 1474 1437 1552 1490; x_wconf 85' lang='lat'><strong>18,</strong></span> <span class='ocrx_word' id='word_1_165' title='bbox 1583 1434 1621 1479; x_wconf 88' lang='lat'><strong>3.</strong></span> <span class='ocrx_word' id='word_1_166' title='bbox 1650 1437 1697 1477; x_wconf 92' lang='lat' dir='ltr'><strong>V.</strong></span> 
     </span>
     <span class='ocr_line' id='line_1_20' title="bbox 171 1507 1698 1566; baseline -0.001 -13"><span class='ocrx_word' id='word_1_167' title='bbox 171 1525 212 1566; x_wconf 90' lang='lat' dir='ltr'><strong>p.</strong></span> <span class='ocrx_word' id='word_1_168' title='bbox 242 1510 312 1553; x_wconf 82' lang='lat'><strong>40.</strong></span> <span class='ocrx_word' id='word_1_169' title='bbox 344 1511 563 1556; x_wconf 63' lang='lat' dir='ltr'><strong>,Dissentit</strong></span> <span class='ocrx_word' id='word_1_170' title='bbox 585 1510 675 1555; x_wconf 87' lang='lat' dir='ltr'><strong>Liu.</strong></span> <span class='ocrx_word' id='word_1_171' title='bbox 697 1524 720 1553; x_wconf 86' lang='lat' dir='ltr'><strong>a</strong></span> <span class='ocrx_word' id='word_1_172' title='bbox 742 1511 881 1566; x_wconf 89' lang='lat' dir='ltr'><strong>Polyb.</strong></span> <span class='ocrx_word' id='word_1_173' title='bbox 914 1507 1049 1564; x_wconf 85' lang='lat' dir='ltr'><strong>ineo,</strong></span> <span class='ocrx_word' id='word_1_174' title='bbox 1082 1510 1194 1565; x_wconf 91' lang='lat' dir='ltr'><strong>quod</strong></span> <span class='ocrx_word' id='word_1_175' title='bbox 1215 1511 1318 1553; x_wconf 87' lang='lat' dir='ltr'><strong>dicit</strong></span> <span class='ocrx_word' id='word_1_176' title='bbox 1347 1512 1505 1565; x_wconf 80' lang='lat' dir='ltr'><strong>„ipsum</strong></span> <span class='ocrx_word' id='word_1_177' title='bbox 1534 1512 1577 1551; x_wconf 91' lang='lat' dir='ltr'><strong>in</strong></span> <span class='ocrx_word' id='word_1_178' title='bbox 1607 1523 1698 1552; x_wconf 89' lang='lat' dir='ltr'><strong>eam</strong></span> 
     </span>
     <span class='ocr_line' id='line_1_21' title="bbox 174 1570 1698 1642; baseline 0.001 -15"><span class='ocrx_word' id='word_1_179' title='bbox 174 1591 342 1642; x_wconf 84' lang='lat' dir='ltr'>gentem</span> <span class='ocrx_word' id='word_1_180' title='bbox 373 1585 572 1642; x_wconf 85' lang='lat' dir='ltr'><strong>iturum“,</strong></span> <span class='ocrx_word' id='word_1_181' title='bbox 617 1598 712 1628; x_wconf 89' lang='lat' dir='ltr'><strong>cum</strong></span> <span class='ocrx_word' id='word_1_182' title='bbox 743 1586 814 1629; x_wconf 87' lang='lat' dir='ltr'><strong>ille</strong></span> <span class='ocrx_word' id='word_1_183' title='bbox 844 1585 956 1627; x_wconf 84' lang='lat' dir='ltr'><strong>dicat</strong></span> <span class='ocrx_word' id='word_1_184' title='bbox 986 1583 1120 1640; x_wconf 62' lang='grc' dir='ltr'><strong><em>»διότι</em></strong></span> <span class='ocrx_word' id='word_1_185' title='bbox 1164 1581 1438 1639; x_wconf 77' lang='grc' dir='ltr'><strong><em>πρερβεύσει“</em></strong></span> <span class='ocrx_word' id='word_1_186' title='bbox 1456 1616 1468 1638; x_wconf 89' lang='grc'><strong>,</strong></span> <span class='ocrx_word' id='word_1_187' title='bbox 1499 1597 1581 1640; x_wconf 88' lang='lat' dir='ltr'><strong>qua</strong></span> <span class='ocrx_word' id='word_1_188' title='bbox 1608 1570 1698 1628; x_wconf 84' lang='lat' dir='ltr'><strong>mu-</strong></span> 
     </span>
     <span class='ocr_line' id='line_1_22' title="bbox 169 1652 1696 1716; baseline -0.002 -12"><span class='ocrx_word' id='word_1_189' title='bbox 169 1663 329 1704; x_wconf 77' lang='lat' dir='ltr'><strong>tatione</strong></span> <span class='ocrx_word' id='word_1_190' title='bbox 356 1673 430 1702; x_wconf 88' lang='lat' dir='ltr'><strong>res</strong></span> <span class='ocrx_word' id='word_1_191' title='bbox 461 1662 695 1716; x_wconf 86' lang='lat' dir='ltr'><strong>gloriosior</strong></span> <span class='ocrx_word' id='word_1_192' title='bbox 725 1661 770 1702; x_wconf 85' lang='lat' dir='ltr'><strong>fit</strong></span> <span class='ocrx_word' id='word_1_193' title='bbox 800 1660 1010 1702; x_wconf 81' lang='lat' dir='ltr'><strong>Romanis.</strong></span> <span class='ocrx_word' id='word_1_194' title='bbox 1052 1683 1109 1690; x_wconf 92' lang='lat'><strong>—</strong></span> <span class='ocrx_word' id='word_1_195' title='bbox 1151 1654 1232 1710; x_wconf 76' lang='grc' dir='ltr'><strong>κβ’,</strong></span> <span class='ocrx_word' id='word_1_196' title='bbox 1258 1656 1331 1711; x_wconf 80' lang='grc'><strong>20,</strong></span> <span class='ocrx_word' id='word_1_197' title='bbox 1357 1657 1470 1701; x_wconf 82' lang='grc'><strong>4-7</strong></span> <span class='ocrx_word' id='word_1_198' title='bbox 1502 1659 1565 1709; x_wconf 70' lang='lat' dir='ltr'><strong>(B&#39;.</strong></span> <span class='ocrx_word' id='word_1_199' title='bbox 1595 1652 1696 1711; x_wconf 83' lang='lat'>941,</span> 
     </span>
     <span class='ocr_line' id='line_1_23' title="bbox 170 1733 1696 1790; baseline -0.002 -12"><span class='ocrx_word' id='word_1_200' title='bbox 170 1749 212 1778; x_wconf 89' lang='lat' dir='ltr'><strong>u.</strong></span> <span class='ocrx_word' id='word_1_201' title='bbox 243 1734 300 1780; x_wconf 84' lang='lat'><strong>34</strong></span> <span class='ocrx_word' id='word_1_202' title='bbox 330 1747 369 1789; x_wconf 85' lang='lat' dir='ltr'><strong>q.</strong></span> <span class='ocrx_word' id='word_1_203' title='bbox 399 1738 480 1785; x_wconf 83' lang='lat' dir='ltr'><strong>s.):</strong></span> <span class='ocrx_word' id='word_1_204' title='bbox 512 1735 736 1786; x_wconf 88' lang='lat' dir='ltr'><strong>XXXVIII,</strong></span> <span class='ocrx_word' id='word_1_205' title='bbox 771 1734 838 1787; x_wconf 84' lang='lat'><strong>18,</strong></span> <span class='ocrx_word' id='word_1_206' title='bbox 871 1734 1001 1778; x_wconf 82' lang='lat'>7-9.-</span> <span class='ocrx_word' id='word_1_207' title='bbox 1059 1733 1203 1774; x_wconf 83' lang='lat' dir='ltr'><strong>Liuius</strong></span> <span class='ocrx_word' id='word_1_208' title='bbox 1243 1733 1342 1774; x_wconf 82' lang='lat' dir='ltr'><strong>licet</strong></span> <span class='ocrx_word' id='word_1_209' title='bbox 1372 1738 1539 1787; x_wconf 73' lang='lat' dir='ltr'><strong>praeter</strong></span> <span class='ocrx_word' id='word_1_210' title='bbox 1569 1734 1696 1790; x_wconf 84' lang='lat' dir='ltr'><strong>Poly-</strong></span> 
     </span>
     <span class='ocr_line' id='line_1_24' title="bbox 167 1806 1687 1863; baseline -0.001 -11"><span class='ocrx_word' id='word_1_211' title='bbox 167 1811 277 1852; x_wconf 85' lang='lat' dir='ltr'><strong>bium</strong></span> <span class='ocrx_word' id='word_1_212' title='bbox 306 1811 498 1852; x_wconf 82' lang='lat' dir='ltr'><strong>babuerit</strong></span> <span class='ocrx_word' id='word_1_213' title='bbox 529 1810 651 1851; x_wconf 76' lang='lat' dir='ltr'><strong>alium</strong></span> <span class='ocrx_word' id='word_1_214' title='bbox 684 1809 865 1859; x_wconf 79' lang='lat' dir='ltr'><strong>fontem,</strong></span> <span class='ocrx_word' id='word_1_215' title='bbox 897 1814 1035 1850; x_wconf 85' lang='lat' dir='ltr'><strong>tamen</strong></span> <span class='ocrx_word' id='word_1_216' title='bbox 1066 1808 1211 1863; x_wconf 82' lang='lat' dir='ltr'><strong>Polybi</strong></span> <span class='ocrx_word' id='word_1_217' title='bbox 1241 1808 1373 1849; x_wconf 86' lang='lat' dir='ltr'><strong>uerba</strong></span> <span class='ocrx_word' id='word_1_218' title='bbox 1402 1806 1456 1849; x_wconf 90' lang='lat' dir='ltr'><strong>de</strong></span> <span class='ocrx_word' id='word_1_219' title='bbox 1486 1808 1565 1850; x_wconf 84' lang='lat' dir='ltr'><strong>hac</strong></span> <span class='ocrx_word' id='word_1_220' title='bbox 1595 1820 1687 1850; x_wconf 87' lang='lat' dir='ltr'><strong>ma-</strong></span> 
     </span>
     <span class='ocr_line' id='line_1_25' title="bbox 171 1869 1696 1939; baseline -0.001 -13"><span class='ocrx_word' id='word_1_221' title='bbox 171 1885 275 1926; x_wconf 86' lang='lat' dir='ltr'><strong>teria</strong></span> <span class='ocrx_word' id='word_1_222' title='bbox 306 1884 547 1939; x_wconf 83' lang='lat' dir='ltr'><strong>copiosiora</strong></span> <span class='ocrx_word' id='word_1_223' title='bbox 578 1884 773 1926; x_wconf 85' lang='lat' dir='ltr'><strong>uidentur</strong></span> <span class='ocrx_word' id='word_1_224' title='bbox 804 1883 936 1925; x_wconf 85' lang='lat' dir='ltr'><strong>fuisse</strong></span> <span class='ocrx_word' id='word_1_225' title='bbox 955 1915 967 1936; x_wconf 91' lang='lat'>,</span> <span class='ocrx_word' id='word_1_226' title='bbox 1010 1893 1131 1937; x_wconf 88' lang='lat' dir='ltr'><strong>quam</strong></span> <span class='ocrx_word' id='word_1_227' title='bbox 1162 1893 1277 1924; x_wconf 89' lang='lat' dir='ltr'><strong>nunc</strong></span> <span class='ocrx_word' id='word_1_228' title='bbox 1304 1869 1513 1938; x_wconf 78' lang='lat' dir='ltr'><strong>leguntur.</strong></span> <span class='ocrx_word' id='word_1_229' title='bbox 1572 1883 1696 1933; x_wconf 47' lang='lat' dir='ltr'><strong>‘Quae</strong></span> 
     </span>
     <span class='ocr_line' id='line_1_26' title="bbox 168 1951 1692 2014; baseline -0.002 -13"><span class='ocrx_word' id='word_1_230' title='bbox 168 1959 250 2001; x_wconf 90' lang='lat' dir='ltr'><strong>Liu.</strong></span> <span class='ocrx_word' id='word_1_231' title='bbox 281 1959 404 2001; x_wconf 82' lang='lat' dir='ltr'><strong>affert</strong></span> <span class='ocrx_word' id='word_1_232' title='bbox 435 1959 487 1999; x_wconf 92' lang='lat' dir='ltr'><strong>de</strong></span> <span class='ocrx_word' id='word_1_233' title='bbox 508 1959 711 2014; x_wconf 82' lang='lat' dir='ltr'><strong>Sangario</strong></span> <span class='ocrx_word' id='word_1_234' title='bbox 744 1951 926 2010; x_wconf 84' lang='lat' dir='ltr'><strong>flumine,</strong></span> <span class='ocrx_word' id='word_1_235' title='bbox 958 1971 1006 1999; x_wconf 88' lang='lat' dir='ltr'><strong>ea</strong></span> <span class='ocrx_word' id='word_1_236' title='bbox 1039 1970 1205 2012; x_wconf 88' lang='lat' dir='ltr'><strong>quoque</strong></span> <span class='ocrx_word' id='word_1_237' title='bbox 1234 1957 1416 1999; x_wconf 82' lang='lat' dir='ltr'><strong>fortasse</strong></span> <span class='ocrx_word' id='word_1_238' title='bbox 1445 1969 1499 1998; x_wconf 89' lang='lat' dir='ltr'><strong>ex</strong></span> <span class='ocrx_word' id='word_1_239' title='bbox 1521 1955 1692 2012; x_wconf 79' lang='lat' dir='ltr'><strong>Polybio</strong></span> 
     </span>
     <span class='ocr_line' id='line_1_27' title="bbox 170 2029 1691 2088; baseline -0.002 -11"><span class='ocrx_word' id='word_1_240' title='bbox 170 2035 344 2087; x_wconf 86' lang='lat' dir='ltr'><strong>habuit,</strong></span> <span class='ocrx_word' id='word_1_241' title='bbox 390 2034 433 2075; x_wconf 91' lang='lat' dir='ltr'><strong>in</strong></span> <span class='ocrx_word' id='word_1_242' title='bbox 465 2045 545 2088; x_wconf 91' lang='lat' dir='ltr'><strong>quo</strong></span> <span class='ocrx_word' id='word_1_243' title='bbox 573 2034 841 2087; x_wconf 84' lang='lat' dir='ltr'><strong>excerptoris</strong></span> <span class='ocrx_word' id='word_1_244' title='bbox 873 2037 1029 2074; x_wconf 82' lang='lat' dir='ltr'><strong>tantum</strong></span> <span class='ocrx_word' id='word_1_245' title='bbox 1059 2032 1190 2085; x_wconf 81' lang='lat' dir='ltr'><strong>culpa</strong></span> <span class='ocrx_word' id='word_1_246' title='bbox 1222 2030 1372 2073; x_wconf 82' lang='lat' dir='ltr'><strong>deesse</strong></span> <span class='ocrx_word' id='word_1_247' title='bbox 1401 2029 1606 2076; x_wconf 78' lang='lat' dir='ltr'><strong>uidentur.</strong></span> <span class='ocrx_word' id='word_1_248' title='bbox 1643 2052 1691 2061; x_wconf 88' lang='lat'><strong>-——</strong></span> 
     </span>
     <span class='ocr_line' id='line_1_28' title="bbox 137 2105 1694 2162; baseline -0.002 -11"><span class='ocrx_word' id='word_1_249' title='bbox 137 2147 141 2151; x_wconf 89' lang='lat'><strong>.</strong></span> <span class='ocrx_word' id='word_1_250' title='bbox 168 2106 252 2162; x_wconf 63' lang='grc' dir='ltr'><strong>κβ,</strong></span> <span class='ocrx_word' id='word_1_251' title='bbox 282 2107 354 2162; x_wconf 86' lang='grc'><strong>20,</strong></span> <span class='ocrx_word' id='word_1_252' title='bbox 385 2107 499 2151; x_wconf 82' lang='grc'><strong>8-9</strong></span> <span class='ocrx_word' id='word_1_253' title='bbox 530 2108 592 2160; x_wconf 89' lang='grc' dir='ltr'><strong>(Β.</strong></span> <span class='ocrx_word' id='word_1_254' title='bbox 624 2107 726 2161; x_wconf 79' lang='lat'>942,</span> <span class='ocrx_word' id='word_1_255' title='bbox 759 2121 799 2150; x_wconf 89' lang='lat' dir='ltr'><strong>u.</strong></span> <span class='ocrx_word' id='word_1_256' title='bbox 830 2106 1023 2157; x_wconf 72' lang='lat'>8—14):</span> <span class='ocrx_word' id='word_1_257' title='bbox 1044 2146 1046 2148; x_wconf 78' lang='grc'><strong>,</strong></span> <span class='ocrx_word' id='word_1_258' title='bbox 1065 2106 1288 2158; x_wconf 83' lang='lat' dir='ltr'><strong>XXXVIII,</strong></span> <span class='ocrx_word' id='word_1_259' title='bbox 1322 2106 1390 2159; x_wconf 85' lang='grc'><strong>18,</strong></span> <span class='ocrx_word' id='word_1_260' title='bbox 1425 2105 1608 2150; x_wconf 79' lang='grc'><strong>14-15,</strong></span> <span class='ocrx_word' id='word_1_261' title='bbox 1639 2128 1694 2136; x_wconf 89' lang='lat'><strong>-—</strong></span> 
     </span>
     <span class='ocr_line' id='line_1_29' title="bbox 169 2177 1693 2238; baseline -0.003 -9"><span class='ocrx_word' id='word_1_262' title='bbox 169 2183 250 2238; x_wconf 65' lang='grc' dir='ltr'><strong>κβ,</strong></span> <span class='ocrx_word' id='word_1_263' title='bbox 282 2184 353 2236; x_wconf 82' lang='grc'><strong>21,</strong></span> <span class='ocrx_word' id='word_1_264' title='bbox 385 2184 530 2228; x_wconf 78' lang='grc'><strong>5-12</strong></span> <span class='ocrx_word' id='word_1_265' title='bbox 559 2182 624 2234; x_wconf 88' lang='grc' dir='ltr'><strong>(Β.</strong></span> <span class='ocrx_word' id='word_1_266' title='bbox 658 2183 768 2236; x_wconf 84' lang='grc'><strong>942,</strong></span> <span class='ocrx_word' id='word_1_267' title='bbox 808 2195 851 2223; x_wconf 80' lang='lat' dir='ltr'><strong>u,</strong></span> <span class='ocrx_word' id='word_1_268' title='bbox 881 2180 941 2224; x_wconf 90' lang='grc'><strong>22</strong></span> <span class='ocrx_word' id='word_1_269' title='bbox 970 2194 1008 2236; x_wconf 89' lang='lat' dir='ltr'><strong>q.</strong></span> <span class='ocrx_word' id='word_1_270' title='bbox 1039 2184 1138 2234; x_wconf 47' lang='lat' dir='ltr'><strong>s.):‘</strong></span> <span class='ocrx_word' id='word_1_271' title='bbox 1163 2179 1393 2233; x_wconf 85' lang='lat' dir='ltr'><strong>XXXVIII,</strong></span> <span class='ocrx_word' id='word_1_272' title='bbox 1425 2177 1505 2233; x_wconf 82' lang='lat'><strong>24,</strong></span> <span class='ocrx_word' id='word_1_273' title='bbox 1534 2177 1693 2224; x_wconf 74' lang='lat'>2-11,</span> 
     </span>
     <span class='ocr_line' id='line_1_30' title="bbox 167 2244 1694 2311; baseline -0.003 -11"><span class='ocrx_word' id='word_1_274' title='bbox 167 2259 411 2300; x_wconf 80' lang='lat' dir='ltr'><strong>Plutarchus</strong></span> <span class='ocrx_word' id='word_1_275' title='bbox 444 2271 533 2300; x_wconf 88' lang='lat' dir='ltr'><strong>cum</strong></span> <span class='ocrx_word' id='word_1_276' title='bbox 565 2270 649 2300; x_wconf 91' lang='lat' dir='ltr'><strong>non</strong></span> <span class='ocrx_word' id='word_1_277' title='bbox 681 2258 893 2311; x_wconf 82' lang='lat' dir='ltr'><strong>putandus</strong></span> <span class='ocrx_word' id='word_1_278' title='bbox 940 2247 1008 2297; x_wconf 69' lang='lat' dir='ltr'><strong>sit⁴</strong></span> <span class='ocrx_word' id='word_1_279' title='bbox 1034 2244 1224 2297; x_wconf 59' lang='lat' dir='ltr'><strong>attulisse</strong></span> <span class='ocrx_word' id='word_1_280' title='bbox 1253 2256 1419 2310; x_wconf 85' lang='lat' dir='ltr'><strong>integra</strong></span> <span class='ocrx_word' id='word_1_281' title='bbox 1447 2255 1579 2296; x_wconf 85' lang='lat' dir='ltr'><strong>uerba</strong></span> <span class='ocrx_word' id='word_1_282' title='bbox 1609 2253 1694 2296; x_wconf 90' lang='lat' dir='ltr'><strong>Po-</strong></span> 
     </span>
     <span class='ocr_line' id='line_1_31' title="bbox 172 2327 1693 2389; baseline -0.003 -15"><span class='ocrx_word' id='word_1_283' title='bbox 172 2332 273 2389; x_wconf 82' lang='lat' dir='ltr'><strong>lybi,</strong></span> <span class='ocrx_word' id='word_1_284' title='bbox 305 2332 406 2373; x_wconf 89' lang='lat' dir='ltr'><strong>nihil</strong></span> <span class='ocrx_word' id='word_1_285' title='bbox 439 2332 590 2385; x_wconf 86' lang='lat' dir='ltr'><strong>obstat,</strong></span> <span class='ocrx_word' id='word_1_286' title='bbox 622 2332 843 2386; x_wconf 86' lang='lat' dir='ltr'><strong>quominus</strong></span> <span class='ocrx_word' id='word_1_287' title='bbox 875 2344 969 2373; x_wconf 90' lang='lat' dir='ltr'><strong>eum</strong></span> <span class='ocrx_word' id='word_1_288' title='bbox 990 2331 1059 2372; x_wconf 88' lang='lat' dir='ltr'><strong>illa</strong></span> <span class='ocrx_word' id='word_1_289' title='bbox 1081 2329 1259 2384; x_wconf 81' lang='lat' dir='ltr'><strong>quoque,</strong></span> <span class='ocrx_word' id='word_1_290' title='bbox 1280 2341 1399 2383; x_wconf 71' lang='lat' dir='ltr'><strong>vquae</strong></span> <span class='ocrx_word' id='word_1_291' title='bbox 1416 2327 1693 2372; x_wconf 65' lang='lat' dir='ltr'><strong>Liuius‘nunc</strong></span> 
     </span>
     <span class='ocr_line' id='line_1_32' title="bbox 165 2398 1343 2461; baseline -0.004 -14"><span class='ocrx_word' id='word_1_292' title='bbox 165 2409 256 2461; x_wconf 90' lang='lat' dir='ltr'><strong>ipso</strong></span> <span class='ocrx_word' id='word_1_293' title='bbox 289 2406 414 2461; x_wconf 83' lang='lat' dir='ltr'><strong>plura</strong></span> <span class='ocrx_word' id='word_1_294' title='bbox 445 2406 607 2459; x_wconf 80' lang='lat' dir='ltr'><strong>habeat,</strong></span> <span class='ocrx_word' id='word_1_295' title='bbox 640 2407 683 2447; x_wconf 91' lang='lat' dir='ltr'><strong>in</strong></span> <span class='ocrx_word' id='word_1_296' title='bbox 707 2398 885 2461; x_wconf 71' lang='lat' dir='ltr'><strong>vPolybio</strong></span> <span class='ocrx_word' id='word_1_297' title='bbox 917 2406 1073 2460; x_wconf 88' lang='lat' dir='ltr'><strong>legisse</strong></span> <span class='ocrx_word' id='word_1_298' title='bbox 1103 2408 1343 2446; x_wconf 83' lang='lat' dir='ltr'><strong>statuamus.</strong></span> 
     </span>
    </p>
   </div>
   <div class='ocr_carea' id='block_1_6' title="bbox 165 2511 1693 2694">
    <p class='ocr_par' dir='ltr' id='par_1_9' title="bbox 165 2511 1693 2694">
     <span class='ocr_line' id='line_1_33' title="bbox 166 2511 1693 2566; baseline -0.002 -8"><span class='ocrx_word' id='word_1_299' title='bbox 166 2523 240 2558; x_wconf 81' lang='lat' dir='ltr'><strong>siue</strong></span> <span class='ocrx_word' id='word_1_300' title='bbox 262 2521 305 2557; x_wconf 87' lang='lat' dir='ltr'><strong>de</strong></span> <span class='ocrx_word' id='word_1_301' title='bbox 332 2519 497 2566; x_wconf 78' lang='lat' dir='ltr'><strong>„Alinde“</strong></span> <span class='ocrx_word' id='word_1_302' title='bbox 524 2519 705 2565; x_wconf 84' lang='lat' dir='ltr'><strong>quidquam</strong></span> <span class='ocrx_word' id='word_1_303' title='bbox 729 2518 896 2565; x_wconf 82' lang='lat' dir='ltr'><strong>comperti</strong></span> <span class='ocrx_word' id='word_1_304' title='bbox 918 2511 1100 2562; x_wconf 81' lang='lat' dir='ltr'><strong>babemus;</strong></span> <span class='ocrx_word' id='word_1_305' title='bbox 1126 2524 1216 2554; x_wconf 76' lang='lat' dir='ltr'><strong>totus</strong></span> <span class='ocrx_word' id='word_1_306' title='bbox 1241 2517 1296 2554; x_wconf 87' lang='lat' dir='ltr'><strong>ille</strong></span> <span class='ocrx_word' id='word_1_307' title='bbox 1319 2524 1448 2554; x_wconf 75' lang='lat' dir='ltr'><strong>tractus</strong></span> <span class='ocrx_word' id='word_1_308' title='bbox 1464 2521 1577 2553; x_wconf 70' lang='lat' dir='ltr'><strong>terrae</strong></span> <span class='ocrx_word' id='word_1_309' title='bbox 1590 2517 1693 2564; x_wconf 81' lang='lat' dir='ltr'><strong>igno-</strong></span> 
     </span>
     <span class='ocr_line' id='line_1_34' title="bbox 165 2580 1688 2631; baseline -0.001 -10"><span class='ocrx_word' id='word_1_310' title='bbox 165 2580 233 2622; x_wconf 78' lang='lat' dir='ltr'><strong>tior</strong></span> <span class='ocrx_word' id='word_1_311' title='bbox 256 2580 339 2621; x_wconf 59' lang='lat' dir='ltr'><strong>erat.</strong></span> <span class='ocrx_word' id='word_1_312' title='bbox 384 2586 549 2622; x_wconf 76' lang='lat' dir='ltr'><strong>ceterum</strong></span> <span class='ocrx_word' id='word_1_313' title='bbox 572 2584 748 2629; x_wconf 79' lang='lat' dir='ltr'><strong>regionem</strong></span> <span class='ocrx_word' id='word_1_314' title='bbox 773 2583 862 2620; x_wconf 84' lang='lat' dir='ltr'><strong>illam</strong></span> <span class='ocrx_word' id='word_1_315' title='bbox 886 2595 975 2630; x_wconf 85' lang='lat' dir='ltr'><strong>aqua</strong></span> <span class='ocrx_word' id='word_1_316' title='bbox 999 2582 1154 2631; x_wconf 78' lang='grc' dir='ltr'>(λίμνῃ)</span> <span class='ocrx_word' id='word_1_317' title='bbox 1181 2583 1371 2620; x_wconf 70' lang='lat' dir='ltr'><strong>abundasse</strong></span> <span class='ocrx_word' id='word_1_318' title='bbox 1408 2586 1551 2617; x_wconf 75' lang='lat' dir='ltr'><strong>testatur</strong></span> <span class='ocrx_word' id='word_1_319' title='bbox 1576 2581 1688 2619; x_wconf 76' lang='lat' dir='ltr'><strong>Strab-</strong></span> 
     </span>
     <span class='ocr_line' id='line_1_35' title="bbox 168 2644 1690 2694; baseline -0.001 -9"><span class='ocrx_word' id='word_1_320' title='bbox 168 2650 223 2694; x_wconf 82' lang='lat'><strong>12,</strong></span> <span class='ocrx_word' id='word_1_321' title='bbox 247 2650 282 2693; x_wconf 87' lang='grc'><strong>8,</strong></span> <span class='ocrx_word' id='word_1_322' title='bbox 308 2650 372 2693; x_wconf 77' lang='grc'><strong>17;</strong></span> <span class='ocrx_word' id='word_1_323' title='bbox 396 2654 576 2694; x_wconf 77' lang='lat' dir='ltr'><strong>praeterea</strong></span> <span class='ocrx_word' id='word_1_324' title='bbox 598 2647 757 2683; x_wconf 76' lang='lat' dir='ltr'><strong>nouimus</strong></span> <span class='ocrx_word' id='word_1_325' title='bbox 781 2649 816 2682; x_wconf 87' lang='lat' dir='ltr'><strong>in</strong></span> <span class='ocrx_word' id='word_1_326' title='bbox 840 2648 896 2684; x_wconf 79' lang='lat' dir='ltr'><strong>illa</strong></span> <span class='ocrx_word' id='word_1_327' title='bbox 917 2648 1030 2684; x_wconf 87' lang='lat' dir='ltr'><strong>lacum</strong></span> <span class='ocrx_word' id='word_1_328' title='bbox 1053 2648 1238 2686; x_wconf 78' lang='lat' dir='ltr'><strong>Ascanium</strong></span> <span class='ocrx_word' id='word_1_329' title='bbox 1270 2653 1306 2682; x_wconf 77' lang='lat' dir='ltr'><strong>ct</strong></span> <span class='ocrx_word' id='word_1_330' title='bbox 1327 2647 1363 2681; x_wconf 90' lang='lat' dir='ltr'><strong>in</strong></span> <span class='ocrx_word' id='word_1_331' title='bbox 1385 2644 1509 2681; x_wconf 74' lang='lat' dir='ltr'><strong>Pisidia</strong></span> <span class='ocrx_word' id='word_1_332' title='bbox 1532 2647 1690 2692; x_wconf 81' lang='lat' dir='ltr'><strong>complu-</strong></span> 
     </span>
    </p>
   </div>
   <div class='ocr_carea' id='block_1_7' title="bbox 166 2710 852 2763">
    <p class='ocr_par' dir='ltr' id='par_1_10' title="bbox 166 2710 852 2763">
     <span class='ocr_line' id='line_1_36' title="bbox 166 2710 852 2763; baseline -0.003 -14"><span class='ocrx_word' id='word_1_333' title='bbox 166 2723 222 2763; x_wconf 69' lang='lat' dir='ltr'><strong>res</strong></span> <span class='ocrx_word' id='word_1_334' title='bbox 246 2714 344 2760; x_wconf 64' lang='lat' dir='ltr'><strong>ulios,</strong></span> <span class='ocrx_word' id='word_1_335' title='bbox 370 2727 402 2750; x_wconf 90' lang='lat' dir='ltr'><strong>u.</strong></span> <span class='ocrx_word' id='word_1_336' title='bbox 430 2715 578 2759; x_wconf 77' lang='lat' dir='ltr'><strong>Kiepert.</strong></span> <span class='ocrx_word' id='word_1_337' title='bbox 607 2710 708 2759; x_wconf 55' lang='lat' dir='ltr'><strong>zabul.</strong></span> <span class='ocrx_word' id='word_1_338' title='bbox 733 2722 852 2758; x_wconf 77' lang='lat' dir='ltr'><strong>geogr.</strong></span> 
     </span>
    </p>
   </div>
  </div>
 </body>
</html>
