1853 2860
783 117 1066 162 -32—

159 230 289 274 utitur
328 232 406 273 hac
452 241 578 272 causa
625 235 784 283 motus,
822 231 937 284 quod
978 231 1204 274 lectoribus
1255 232 1347 274 suis
1384 229 1578 291 Romanis
1618 240 1685 280 ea,

166 303 276 360 quae
307 303 509 359 Polybius
528 303 702 347 Graecis
732 305 917 347 breuiter
947 306 1137 347 narrauit
1166 310 1237 347 aut
1274 310 1436 348 tantum
1458 302 1684 361 'significa—

169 380 252 432 uit,
283 378 471 433 pluribus
510 379 651 422 uerbis
680 390 729 421 se
768 386 984 433 exponere
1020 383 1091 421 aut
1129 378 1365 423 accuratius
1405 378 1685 423 deliuffede-

163 445 265 494 bere
293 454 473 507 putauit3
515 455 572 496 ita
601 454 637 494 si
667 453 719 494 de
758 453 865 496 locis
903 454 946 494 in
978 452 1154 495 Graecia
1189 463 1330 495 sermo
1371 457 1438 495 est
1475 457 1602 507 atque
1630 450 1684 494 de

156 527 358 569 institutis
389 526 591 579 Graecis,
623 526 751 569 multo
793 528 1005 581 copiosior
1036 531 1106 569 aut
1135 526 1359 569 uerbosior
1387 525 1558 581 Polybio
1588 536 1685 569 esse

161 601 290 654 solet,
322 613 359 645 e.
391 614 432 656 g.
459 601 627 653 XXXII,
657 599 729 653 33,
761 600 785 643 7
819 614 871 643 ex
898 599 946 652 ιζ’
950 632 961 650 ,
983 599 1027 653 2,
1057 601 1085 643 4
1105 602 1289 643 nominat
1308 600 1470 644 Sestum
1498 603 1542 642 et
1569 599 1687 654 Aby-

160 673 281 726 dum,
316 675 370 716 de
408 687 485 718 suo
513 674 695 727 addens,
739 675 848 729 quod
880 677 922 717 P.
951 687 1038 718 non
1076 675 1223 718 habet:
1270 675 1341 728 „in
1366 672 1685 728 Hellesponto“;

157 748 255 789 item
289 748 464 801 XXXII,
497 747 569 801 37,
605 748 632 792 3
663 748 715 791 ad
745 750 911 792 nomina
942 751 1132 802 urbium,
1170 761 1279 803 quae
1308 746 1372 795 ιζ’,
1406 746 1542 800 11„4
1570 746 1685 788 nude

160 823 296 875 posita
327 827 438 874 sunt,
464 822 588 864 adicit
613 824 677 875 „in
699 823 924 874 Thessalia,
945 845 1001 852 —
1038 824 1081 864 in
1110 822 1296 874 Euboea,
1330 844 1388 853 —
1415 822 1458 863 in
1479 821 1685 870 Achaia“;

159 896 350 937 similiter
376 896 553 947 XXXII,
583 893 654 948 33,
685 894 738 946 6,
769 896 839 938 ubi
869 908 924 937 ex
955 893 1027 945 ιζ’,
1056 893 1086 938 2
1116 896 1311 946 Peraeam
1341 895 1539 946 nominat,
1571 892 1685 936 addit

159 968 304 1025 „regio
337 975 402 1011 est
432 971 681 1012 continentis
722 970 948 1012 aduersum
982 970 1208 1022 insulam“,
1239 971 1294 1012 ita
1324 970 1526 1021 XXXIII,
1547 967 1628 1021 35,
1654 966 1685 1011 8

159 1042 213 1084 ad
245 1044 374 1085 uerba
406 1041 478 1095 ιζ’,
509 1042 580 1096 31,
612 1043 638 1086 5
670 1044 795 1085 adicit
835 1045 931 1098 „uhi
969 1044 1169 1099 frequens
1200 1044 1402 1087 Graeciae
1441 1044 1557 1094 statis
1588 1041 1684 1084 die-

158 1118 236 1159 bus
269 1129 365 1159 esse
390 1117 500 1159 solet
521 1118 780 1158 conuentus“
801 1116 844 1170 ¹).
893 1118 1117 1170 Aliquanto
1138 1119 1271 1173 magis
1294 1119 1410 1159 uaria
1440 1122 1483 1159 et
1512 1118 1684 1172 cognitu

161 1191 354 1245 digniora
405 1195 503 1231 sunt
543 1203 594 1231 ea
634 1190 851 1242 exempla,
896 1191 1044 1243 quihus
1081 1203 1169 1232 rem
1216 1204 1239 1231 a
1278 1191 1451 1244 Polybio
1494 1189 1683 1242 relatam,

156 1265 251 1319 quia
280 1265 338 1306 ita
368 1264 647 1306 Romanorum
677 1264 810 1306 famae
841 1265 1008 1306 omnino
1036 1277 1120 1308 non
1149 1264 1375 1320 proderat,
1408 1269 1480 1307 aut
1507 1276 1683 1319 prorsus

157 1339 268 1380 misit
308 1343 380 1381 aut
414 1339 647 1392 paullulum
688 1339 918 1380 immutauit
955 1343 1025 1380 aut
1053 1363 1109 1371 ——
1149 1339 1261 1394 quod
1301 1339 1383 1380 huc
1422 1350 1508 1380 non
1548 1340 1681 1380 minus

156 1413 341 1466 pertinet
374 1436 423 1443 ·-
457 1414 607 1467 quibus
639 1412 793 1466 aliquid
825 1411 1004 1466 addidit,
1041 1413 1151 1467 quod
1193 1414 1422 1467 pertineret
1451 1412 1503 1455 ad
1533 1413 1681 1455 famam

153 1487 416 1541 gloriamque
455 1487 732 1528 Romanorum
776 1487 908 1541 magis
946 1487 1070 1528 etiam
1110 1487 1377 1540 premendam
1399 1485 1679 1542 *augendam-

153 1573 234 1614 que
251 1560 299 1614 2).
359 1561 490 1602 Huius
521 1561 696 1615 generis
739 1561 941 1613 quaedam
973 1561 1160 1613 exemlpa
1198 1562 1279 1603 iam
1310 1560 1593 1602 Lachmannus
1623 1560 1677 1611 11,

157 1632 212 1676 67
244 1647 283 1688 q.
313 1645 347 1676 S.
379 1638 421 1674 et
449 1633 706 1685 Nitzschius,
737 1633 948 1687 Polybius,
980 1645 1017 1687 p.
1053 1630 1134 1676 108
1165 1638 1208 1674 et
1240 1632 1337 1686 131,
1365 1646 1406 1675 n.
1441 1632 1492 1676 13
1523 1634 1679 1676 attule-

157 1712 258 1749 runt
268 1722 281 1758 ;
323 1708 403 1748 alia
448 1707 649 1760 quaedam
692 1719 844 1759 eaque,
893 1719 1002 1760 quae
1042 1708 1216 1747 maxime
1252 1707 1488 1762 significent
1524 1719 1679 1749 morem

152 1781 272 1832 Liui,
304 1785 404 1822 sunt
433 1780 583 1822 haece:
616 1780 810 1832 XXXIII,
849 1778 1023 1822 27—28
1053 1785 1179 1833 tacet,
1220 1780 1330 1838 quod
1362 1776 1442 1835 ιη’,
1468 1778 1526 1824 26
1562 1781 1679 1837 legit,

156 1859 433 1908 percussores
462 1854 706 1909 Brachyllae
727 1854 873 1895 Boeoti
905 1867 995 1896 cum
1022 1856 1062 1897 F.
1092 1857 1285 1906 Quinctio
1308 1856 1546 1907 Flaminino>
1572 1868 1678 1898 con-

154 1929 292 1970 silium
322 1941 442 1970 suum
473 1930 799 1970 communicasse
830 1941 971 1981 neque.
996 1930 1047 1970 ab
1070 1941 1121 1971 eo
1141 1929 1438 1982 reprehensos,
1468 1929 1544 1970 sed
1576 1941 1680 1971 con-

153 2003 290 2043 silium
320 2002 525 2055 perficere
555 2002 692 2043 iussos
716 2013 835 2053 esse3
867 2003 963 2043 item
985 2002 1148 2054 XXXV,
1179 2000 1236 2045 20
1256 2007 1383 2054 tacet,
1414 2002 1527 2056 quod
1556 1999 1606 2049 λ’,
1637 2000 1678 2054 3,

153 2074 183 2117 6
213 2076 331 2131 legit,
364 2075 571 2117 Romanos
601 2088 666 2128 ea,
698 2087 806 2128 quae
831 2077 1136 2129 promisissent,
1166 2087 1251 2117 non
1281 2076 1529 2128 exsoluisse3
1559 2078 1678 2118 simi-

153 2149 251 2190 liter
292 2149 480 2196 XXXVI,
520 2147 601 2200 28,
639 2148 667 2190 6
697 2154 839 2190 narrat
878 2151 1095 2191 consulem
1146 2150 1458 2191 circumsistere
1501 2150 1676 2193 lictores

153 2223 335 2265 iussisse
374 2221 600 2275 afferrique
639 2227 832 2274 catenas,
870 2234 964 2263 cum
995 2221 1045 2274 κ’,
1080 2222 1155 2275 10,
1184 2221 1214 2264 8
1244 2223 1458 2265 consulem
1488 2221 1677 2264 σκύλακα

153 2295 357 2349 σιδηροῦν
396 2291 562 2350 ἑκάστῳ
611 2296 842 2348 περιθὲΐναι
880 2294 978 2348 περὶ
1013 2290 1088 2337 τὸν
1137 2295 1349 2351 τράχηλον
1388 2309 1543 2339 reuera
1581 2297 1675 2337 ius-

151 2367 263 2411 sisse
302 2369 465 2423 legerit.
542 2369 674 2411 Porro
722 2369 904 2410 immutat
944 2381 1020 2421 ea,
1075 2382 1184 2424 quae
1224 2369 1423 2428 Polybius
1473 2373 1674 2422 narrauit,

152 2533 161 2541 ⁶
186 2474 287 2568 112¹)
312 2474 413 2518 Quod
447 2474 581 2519 quidem
610 2486 689 2510 num
720 2482 817 2512 recte
847 2488 885 2513 se
916 2477 1058 2522 habeat,
1090 2478 1146 2513 hic
1179 2479 1260 2515 nihil
1285 2484 1409 2526 ‚nostra
1440 2480 1596 2522 interest,
1637 2488 1672 2513 u.

150 2544 185 2567 ιιι
601 2554 610 2567 .

242 2594 284 2642 2)
307 2595 440 2631 Eodem
463 2595 606 2630 consilio
629 2597 771 2632 aliorum
791 2598 916 2633 iudicia
937 2599 981 2634 de
991 2592 1219 2635 Romanunm
1234 2600 1388 2635 hostibus
1396 2596 1583 2644 paullulum
1605 2597 1672 2633 im-

153 2660 291 2698 mutui-ej
316 2658 424 2702 solet,
451 2669 496 2694 ne
518 2658 630 2693 nimiis
665 2659 818 2696 laudibus
841 2662 888 2696 illi
911 2662 1120 2707 afficiantur]
1155 2663 1203 2698 cf.
1228 2663 1365 2698 Lachm.
1391 2661 1416 2694 I.
1441 2671 1472 2698 s.
1497 2666 1533 2699 οἱ,
1554 2671 1590 2705 1)-
1612 2662 1670 2706 43,

152 2718 199 2752 ⁴4
222 2724 257 2753 et
276 2719 321 2754 48
343 2720 450 2766 [adde
469 2720 632 2758 Niebuhri
657 2722 791 2767 „Vortn
813 2724 869 2759 be.
894 2735 927 2760 v.
951 2725 1190 2773 Schmimjib.
1214 2735 1250 2760 v.
1275 2722 1407 2767 Zeiss‘,
1430 2722 1455 2768 1,
1479 2733 1516 2769 p.
1539 2724 1638 2771 209).
