1853 2860
750 89 1006 130 ,4-

118 205 255 245 -in'
282 203 660 258 quibus-Polybius
690 203 764 243 fuit
793 202 889 242 fons
919 202 1117 261 princeps
1148 226 1202 234 ———
1234 202 1643 256 iuo÷‹usms.sit,‘eo-

117 277 323 334 gitatione
353 281 395 317 et
442 278 581 317 mente
612 288 700 317 eam
732 274 1080 336 consuetudinem
1111 276 1426 330 rationemque,
1473 276 1640 337 qua-uti

119 357 161 393 et
187 356 357 406 uertere
388 349 537 402 soleat,
569 348 770 401 complexi
804 349 983 390 erimus:
1014 349 1071 389 ita
1101 348 1259 402 optime
1287 349 1490 405 progredi
1508 355 1640 404 :pote-,-

116 426 248 467 rimus
280 423 334 467 ad
363 419 652 478 inquirendum
683 423 732 463 in·
753 433 829 464 eos
860 422 1015 473 libros,
1056 409 1103 463 in*
1130 422 1444 475 quibusutrum
1473 423 1572 466 fons·
1598 427 1646 474 et

117 504 327 553 quatenus
357 499 552 552 princeps
583 496 678 539 fons
711 497 841 538 fuerit
870 495 1053 538 nondum
1083 496 1221 550 liquet.
1281 498 1421 553 Atque
1447 497 1528 542 boo
1548 498 1640 551 qui-

117 573 207 614 dem
238 575 302 613 est
330 571 484 613 bonum
504 569 623 623 illud,
655 571 765 625 quod
788 583 865 613 nos
894 569 1137 613 luctaturos
1158 582 1412 625 essesupra
1427 570 1614 614 diximus
1627 588 1646 613 :J-

114 649 296 687 ceterum
327 645 427 687 lieet
458 643 683 687 habeamus
715 651 887 703 truncos
918 649 1074 702 tantuin
1105 645 1308 687 librorum
1339 644 1633 690 xvi—xxx.

112 718 280 773 Polybi,
331 723 467 761 tamen
498 732 552 760 ex
593 720 643 760 iis
675 719 887 773 aliquanto
935 719 1052 773 plura
1084 724 1126 760 et
1154 719 1343 774 intellegi
1368 724 1417 761 et
1442 718 1635 764 concludi

109 796 303 846 possunt,
335 805 455 846 quam
483 794 576 845 quIs
606 794 738 845 primo
770 796 943 845 aspectu
973 794 1217 845 suspicetur.

844 1202 882 1252 Ι.

111 1318 170 1366 Do
202 1316 465 1375 condicione,
497 1327 605 1377 quae
636 1316 678 1364 in
707 1315 798 1364 I-iui
826 1326 909 1363 usu
943 1281 1180 1364 intercedit·
1199 1316 1309 1365 inter
1336 1295 1554 1377 Polybitun
1583 1320 1631 1367 et

682 1390 870 1438 relicuos
899 1390 1054 1438 fontes.

218 1497 360 1538 Liuius
387 1497 478 1549 ipse
508 1507 587 1538 sex
617 1496 722 1538 locis
754 1496 970 1549 Polybium
1001 1496 1157 1538 fontem
1189 1482 1402 1551 nominat,
1447 1510 1622 1553 quorum

103 1571 260 1625 primus
302 1570 469 1624 quidem
508 1572 612 1624 (quo
654 1569 850 1624 Polybius
897 1569 1128 1623 appellatur
1159 1570 1471 1626 haudquaquam
1501 1584 1624 1628 sper-

102 1644 264 1687 nendus
295 1649 442 1686 auctor
457 1646 492 1694 ¹)
522 1656 608 1686 non
639 1644 824 1698 pertinet
861 1645 903 1684 in
943 1648 1126 1685 nostram
1158 1647 1415 1699 quaestionis
1453 1646 1506 1687 de
1537 1647 1622 1690 Po-

100 1718 214 1771 lybio
246 1718 430 1760 adhibito
462 1723 638 1772 partem,
670 1718 823 1772 quippe
855 1718 926 1771 qui
953 1722 1091 1759 exstet
1118 1718 1161 1759 in
1186 1717 1429 1772 decadem,
1450 1718 1621 1772 LXXX,

100 1789 171 1844 45,
200 1790 272 1833 alii
300 1802 405 1833 uero
426 1792 664 1833 accuratius
685 1796 786 1833 sunt
806 1791 1075 1845 inspiciendi:
1107 1791 1294 1845 XXXIII,
1315 1790 1389 1844 103
1414 1777 1623 1845 XXXIIII,

99 1863 178 1917 50;
208 1865 393 1917 XXXVI,
428 1864 501 1916 19;
530 1866 772 1917 XXXVIIII,
804 1863 886 1917 523
918 1866 1122 1918 XXXXV,
1154 1865 1223 1909 44.
1284 1867 1442 1917 Quibus
1476 1879 1530 1908 ex
1557 1860 1624 1910 lo-

100 1940 160 1981 cis
187 1940 377 1994 quamuis
410 1939 672 1980 manifestum
719 1941 772 1980 sit
805 1952 886 1981 non
935 1953 1008 1981 eos
1040 1940 1172 1982 solum
1226 1953 1321 1981 esse
1352 1940 1621 1993 spectandos,

101 2013 253 2066 quibus
284 2013 422 2055 Liuius
456 2013 508 2054 de
540 2014 681 2068 Polybi
716 2015 841 2053 fontis
865 2015 1108 2054 auctoritate
1135 2013 1302 2066 fideque
1333 2013 1502 2054 disertis
1524 2026 1623 2056 uer-

100 2086 165 2128 bis
194 2087 367 2138 iudicet,
398 2086 474 2128 sed
506 2098 580 2128 eos
612 2098 798 2140 quoque,
830 2086 975 2139 quibus
1007 2086 1118 2127 nulla
1151 2086 1273 2127 laude
1304 2085 1439 2127 addIta
1470 2099 1621 2129 narra—

94 2161 252 2202 tionem
297 2160 468 2201 alicqus
513 2160 579 2200 rei
624 2159 888 2214 Polybianam
931 2165 1226 2201 commemoret
1264 2160 1490 2202 dumtaxat
1530 2163 1621 2203 siue

99 2234 282 2287 probans
312 2234 408 2275 siue
440 2233 634 2275 dubitans
665 2233 758 2274 siue
787 2232 1000 2282 refutans,
1034 2237 1170 2273 tamen
1202 2244 1257 2274 ne
1289 2233 1343 2275 ita
1373 2217 1537 2288 quidem
1568 2246 1621 2276 ex

94 2307 147 2349 iis
177 2311 337 2348 tantum
367 2308 558 2362 intellegi
588 2318 714 2360 posse
746 2307 1011 2358 uidebimus,
1057 2311 1255 2359 quantum
1285 2309 1440 2350 sufficit
1470 2308 1521 2350 ad
1553 2308 1620 2350 di-

99 2380 362 2422 iudicandam
391 2381 696 2433 condicionem,
728 2392 834 2434 quae
865 2379 1097 2421 intercedat
1121 2381 1230 2423 inter
1262 2386 1483 2436 utrumque
1513 2382 1620 2424 scri—

95 2459 268 2507 ptorem.
330 2454 599 2507 Inspiciamus
631 2456 737 2496 enim
769 2455 864 2496 illos
896 2455 1028 2496 locos.
1572 2443 1573 2446 Ἴ

215 2527 358 2570 Liqus
380 2527 567 2580 XXXIII,
603 2526 671 2581 10,
703 2528 773 2569 ubi
804 2540 1022 2569 numerum
1052 2528 1222 2569 militum
1254 2529 1305 2570 ad
1323 2526 1617 2581 Cynoscepha-

99 2598 161 2641 las
201 2613 419 2644 caesorum
458 2600 622 2652 refert,
672 2602 824 2654 spretis
856 2602 995 2644 Valeri
1026 2602 1205 2645 Antiatis
1234 2605 1278 2643 et
1309 2600 1455 2643 Claudi
1501 2600 1616 2651 Qua-

213 2715 253 2762 1)
277 2727 309 2753 u.
332 2691 504 2763 Niebuhri,
526 2719 622 2755 Rom.
647 2717 769 2755 Gesch.
792 2719 818 2762 1,
841 2729 874 2763 p.
900 2720 979 2755 592.

1806 1955 1853 2084 L*
