1853 2860
786 79 1075 122 „54-

282 188 359 238 κα’,
394 190 589 234 10—12:
622 190 826 245 xxxvn,
858 191 1044 236 34—36.
1104 193 1242 235 Liuius
1282 204 1360 235 nec
1399 193 1512 237 addit
1537 197 1695 250 graues

164 276 236 305 res
268 276 321 305 ex
351 265 441 305 aliis
473 265 660 307 fontibus
701 278 781 307 nec
811 280 836 308 a
868 268 1041 321 Polybio
1082 269 1126 308 in
1153 268 1239 309 ulla
1276 279 1327 308 re
1367 268 1579 321 dissentit,
1615 268 1696 309 sed

166 338 259 380 eius
291 338 419 380 uerba
465 340 665 382 audacius
705 339 856 382 reddit.
917 342 1111 384 Ceterum
1155 341 1223 383 hic
1263 350 1522 396 quoqueex
1551 342 1696 396 Polybi

167 414 478 466 comparatione
514 416 758 469 corruptela
801 416 1002 470 quaedam
1043 416 1184 471 detegi
1219 420 1360 470 potest
1398 428 1530 470 eaque
1560 416 1696 458 uehe-

168 488 436 540 mentissime,
466 501 502 530 c.
535 490 611 541 35,
643 490 685 542 3,
708 504 815 545 quae
846 492 1008 545 quidem
1037 495 1080 533 et
1104 503 1178 545 per
1203 502 1252 532 se
1272 491 1520 546 inuestigari
1540 491 1696 544 pottit3

165 561 222 602 ibi
253 563 364 604 enim
396 564 451 604 ita
480 563 570 605 fere
600 564 825 620 legendum
848 570 914 608 est
937 568 999 616 1):
1035 566 1243 619 „lonicas,
1265 565 1444 620 quaein
1476 564 1577 606 Asia
1597 564 1695 616 sint,

168 636 359 678 ciuitates
389 638 561 679 tradere
600 644 788 692 paratum
831 652 926 682 esse
968 645 1008 681 et
1038 641 1257 692 AeolicaS,
1300 641 1335 681 si
1365 649 1469 694 quas
1497 639 1695 682 Romani“

167 713 260 761 (aut
293 724 419 764 „eas,
451 725 559 767 quae
589 714 631 754 in
662 714 761 756 Asia
799 715 907 767 sint,
950 716 1141 757 ciuitates
1187 714 1355 756 tradere
1385 718 1573 768 paratum
1602 725 1697 758 esse

169 784 333 826 lonicas
365 790 407 826 et
437 786 633 828 Aeolicas
665 790 702 828 si
733 800 835 842 quas
866 788 1100 836 Romani“).

278 859 357 910 ua',
377 858 566 902 13—14:
588 861 795 912 XXXVII,
811 862 880 913 45,
898 862 1051 905 4-21.
1081 862 1255 916 Polybio
1275 863 1404 903 utitur
1415 862 1558 902 Liuius
1572 861 1690 902 fonte

166 934 353 987 principe
380 935 584 977 rationem
619 934 783 989 quidem
829 936 988 978 habens
1026 936 1196 978 alterius
1239 948 1406 990 quoque
1440 935 1592 989 fontis,
1620 934 1697 977 sed

164 1008 235 1060 ita,
267 1014 312 1050 ut
342 1021 421 1050 nec
452 1022 522 1051 res
553 1022 707 1065 graues
746 1022 799 1051 ex
831 1023 882 1052 eo
917 1012 1112 1064 recipiat,
1157 1023 1235 1052 nec
1274 1022 1443 1064 usquam
1471 1023 1494 1052 a
1526 1010 1695 1066 Polybio

166 1083 386 1125 dissentiat
430 1088 472 1124 et
517 1084 558 1124 in
601 1084 729 1124 rebus
771 1085 1032 1138 grauissimis
1058 1116 1069 1135 ‚
1101 1083 1315 1126 foederum
1361 1085 1694 1135 condicionibus,

165 1158 379 1213 Polybium
411 1162 608 1198 accurate
639 1162 790 1199 uertat.
854 1158 1048 1199 Ceterum
1093 1171 1145 1199 ex
1180 1159 1489 1212 comparatione
1535 1169 1620 1201 non
1649 1158 1694 1200 id

165 1237 323 1273 tantum
355 1235 540 1285 apparet,
573 1230 683 1284 quod
713 1228 928 1273 Bekkerus
958 1231 1075 1284 uidit,
1107 1236 1243 1275 annot.
1276 1232 1328 1273 ad
1358 1232 1440 1275 Pol.
1469 1245 1505 1273 c.
1543 1233 1618 1284 14,
1652 1230 1691 1284 1,

284 1339 323 1384 1)
348 1339 472 1384 Agitur
496 1338 540 1373 de
564 1333 682 1373 uerbis
708 1349 798 1382 „eas,
824 1350 913 1384 quae
936 1340 971 1373 in
995 1339 1077 1374 Asia
1101 1340 1177 1382 sint,
1203 1339 1355 1374 ciuitates
1378 1340 1512 1374 tradere
1537 1334 1691 1385 paratum

164 1413 241 1437 esse
266 1408 300 1437 et
323 1403 354 1437 si
381 1412 466 1447 quas
490 1401 572 1436 alias
596 1402 773 1438 Romani“.
822 1402 970 1436 Primum
995 1401 1085 1436 enim
1114 1400 1295 1436 absurdum
1319 1407 1382 1445 est,
1406 1402 1612 1437 Antiochum
1637 1403 1691 1437 di-

163 1477 244 1502 cere
269 1477 307 1502 se
331 1466 498 1509 ciuitates,
523 1476 612 1511 quae
636 1466 671 1500 in
694 1465 776 1500 Asia
800 1467 868 1501 siut
883 1492 893 1509 ,
929 1465 1065 1501 tradere
1087 1471 1241 1510 paratum
1275 1476 1371 1509 esse,
1403 1471 1451 1509 et,
1486 1466 1517 1501 si
1546 1466 1689 1502 Romani

162 1530 276 1573 uelint,
302 1530 383 1564 alias
410 1539 549 1575 quoque
573 1529 753 1574 quasdam3
789 1540 866 1564 nam
888 1535 1025 1574 praeter
1049 1529 1218 1564 Asiaticas
1249 1529 1402 1564 ciuitates
1427 1541 1589 1575 quasnam
1613 1530 1690 1566 Au-

162 1593 297 1629 tioehus
320 1593 455 1628 tradere
478 1592 614 1636 potuit?
638 1592 744 1627 nullas
766 1592 882 1627 babuit
905 1593 940 1627 in
965 1593 1083 1627 Africa
1107 1598 1143 1627 et
1164 1592 1207 1627 de
1232 1593 1372 1637 Europa
1395 1593 1463 1627 iam
1487 1593 1617 1629 dictum*
1638 1599 1691 1629 est

163 1657 185 1702 S
211 1656 315 1699 2-3,
339 1656 449 1690 nullas
473 1656 575 1700 igitur
600 1656 735 1692 tradere
758 1656 869 1700 potuit
893 1662 1030 1700 praeter
1053 1656 1231 1690 Asiaticas.
1279 1655 1411 1690 Deinde
1435 1655 1457 1700 S
1475 1656 1496 1689 7
1519 1656 1564 1691 de
1587 1657 1693 1692 Asiae

163 1726 261 1764 parte
283 1730 355 1754 non
377 1720 424 1753 ita
449 1718 624 1764 quuitur,
660 1724 819 1764 tanquam
849 1729 887 1753 se
925 1730 997 1753 eam
1032 1719 1166 1753 tradere
1195 1719 1322 1753 iussum
1353 1718 1396 1752 iri
1419 1729 1482 1763 pro
1508 1725 1604 1754 certo
1628 1730 1691 1754 ex-

163 1789 319 1827 spectet,
353 1782 634 1828 quemadmodum
669 1782 725 1816 hic
755 1782 852 1816 dicit:
888 1792 987 1826 „eas,
1019 1792 1106 1827 quae
1129 1800 1174 1806 —
1195 1789 1355 1822 paratum
1380 1782 1491 1816 esse“.
1537 1766 1693 1828 Denique

162 1847 183 1892 §
210 1849 232 1881 9
257 1847 483 1891 respondetur
507 1846 550 1880 de
573 1846 667 1880 Ionia
688 1851 790 1891 atque
814 1845 968 1889 Aeolide,
993 1846 1036 1880 de
1061 1845 1194 1890 quibus,
1219 1851 1257 1879 ut
1290 1855 1380 1879 nunc
1405 1844 1511 1879 uerba
1533 1845 1688 1891 legimus,

164 1917 262 1945 antea
287 1920 427 1955 prorsus
448 1909 528 1943 nihil
552 1909 680 1943 dictum
705 1915 788 1952 erat,
813 1915 848 1943 et
868 1909 924 1943 illa
949 1909 1128 1951 condicio,
1154 1919 1253 1954 quam
1283 1908 1591 1952 sibiimposituros
1615 1920 1693 1944 esse

163 1974 333 2008 Romanos
357 1973 547 2007 Antiochus
570 1983 639 2006 non
663 1975 894 2017 ammonuit,
918 1974 989 2007 'sed
1026 1979 1128 2018 quam
1168 1979 1205 2006 ut
1235 1983 1308 2007 rem
1340 1972 1543 2015 insperatam
1568 1977 1603 2006 et
1625 1973 1692 2007 im-

164 2037 336 2081 prouisam
360 2037 394 2070 ei
416 2037 611 2080 imponunt,
649 2037 719 2080 agit
754 2036 796 2070 de
827 2042 920 2070 certa
953 2036 1095 2081 quadam
1121 2035 1224 2069 Asiae
1259 2040 1375 2080 parte,
1412 2033 1542 2068 scilicet
1571 2034 1690 2079 depea,

164 2112 264 2146 quam
287 2100 440 2144 exceptis
462 2100 556 2134 Ionia
581 2106 616 2134 et
637 2100 782 2135 Aeolide
805 2100 957 2144 possidet
975 2100 1179 2142 Antiochus.
1232 2098 1361 2141 Quibus
1386 2098 1540 2134 omnibus
1564 2109 1607 2133 ex
1629 2109 1690 2134 re-

162 2164 227 2198 bus
254 2169 405 2208 apparet,
433 2163 562 2197 Liuium
586 2162 608 2207 S
633 2164 653 2197 3
679 2174 748 2197 non
775 2164 954 2207 scripsisse
978 2173 1042 2206 ea,
1078 2160 1166 2208 quae
1195 2171 1286 2196 nunc
1309 2151 1451 2209 legimus
1466 2187 1476 2204 ‚
1518 2161 1579 2197 sed
1602 2173 1690 2208 quae

163 2239 238 2262 eum
264 2238 306 2261 ex
331 2226 475 2271 Polybio
510 2226 694 2270 sumpsisse
722 2231 761 2275 ‚et
785 2225 839 2259 illa
875 2226 948 2275 ipsa
981 2225 1211 2271 paragraphus
1234 2227 1256 2260 9
1281 2231 1316 2260 et
1339 2224 1412 2261 Pol.
1433 2225 1497 2268 11,
1522 2225 1689 2267 S'docet3

163 2301 233 2325 non
258 2291 382 2324 dixisse
406 2301 483 2324 eum
507 2290 548 2323 de
571 2291 611 2323 iis
637 2289 850 2331 ciuitatibus,
892 2279 1038 2334 quaein
1063 2290 1143 2324 Asia
1176 2289 1243 2324 sint
1274 2295 1308 2323 et
1328 2295 1509 2333 ,praeterea
1547 2289 1590 2323 de
1614 2288 1687 2324 aliis

164 2363 317 2399 quoque,
348 2353 407 2386 sed
431 2353 474 2387 de
499 2353 623 2387 Ionicis
650 2358 684 2386 et
706 2353 747 2386 de
773 2338 924 2386 Aeolicis
950 2352 1151 2395 ciuitatibus,
1177 2362 1265 2398 quae
1289 2353 1323 2386 in
1348 2352 1430 2388 Asia
1465 2351 1543 2387 sint.
1593 2349 1699 2392 Quod

163 2423 199 2452 ut
220 2416 356 2451 nonnisi
381 2416 672 2450 uehementissima
696 2416 881 2451 mutatione
920 2417 954 2450 in
978 2416 1072 2451 Liuio
1107 2416 1242 2451 restitui.
1271 2426 1374 2461 posse
1404 2417 1514 2460 prino
1551 2418 1690 2458 aspectu

163 2481 305 2522 initietur,
330 2480 376 2513 ita
402 2479 590 2512 accuratius
614 2480 809 2523 inspicienti
835 2479 966 2514 facilius
988 2480 1162 2514 emendari
1182 2490 1289 2523 posse
1312 2479 1516 2524 apparebin
1531 2482 1689 2521 putamus

162 2546 248 2579 enim
276 2543 377 2588 ,ρειειι
403 2541 599 2587 particulam
625 2553 700 2577 esse
724 2543 882 2589 reliquias
909 2544 1086 2586 „ionicas“
1113 2544 1211 2579 uerbi
1240 2549 1275 2579 ct
1300 2541 1567 2589 mae-aliast
1586 2541 1689 2577 uerba

164 2614 323 2651 corrupta
347 2617 425 2641 esse
449 2618 493 2640 ex
519 2606 690 2649 „aeolieas
715 2608 846 2650 siquas3
880 2613 983 2651 atque
1004 2608 1069 2641 hac
1094 2608 1283 2641 mutatione
1317 2615 1387 2639 non
1410 2604 1478 2638 leni
1499 2614 1588 2647 opus
1612 2615 1688 2639 esse

163 2665 281 2711 negari
304 2675 373 2699 non
396 2670 518 2709 potest,
545 2674 620 2698 nam
649 2674 690 2698 ea
715 2663 823 2698 solum
845 2665 978 2700 ratione
1002 2663 1275 2709 peruenimusad
1287 2672 1363 2696 eam
1388 2660 1577 2706 lectionem,
1599 2670 1689 2709 quave

164 2725 262 2757 unice
286 2733 367 2758 uera
392 2733 467 2757 esse
490 2729 613 2767 potest.
648 2722 756 2763 Quam
783 2722 826 2756 ob
852 2733 923 2756 rem
943 2733 1010 2756 non
1039 2729 1090 2757 est
1110 2720 1342 2756 abstinendum
1359 2732 1378 2755 a
1394 2722 1489 2771 graui
1505 2722 1683 2758 medicina.
