1835 2878
735 322 863 389 Quo
880 311 1025 386 modo

100 413 299 489 ‘Huius
345 399 644 465 adhibuerit
666 412 926 480 Polybium
963 413 1146 463 fontem
1191 413 1241 462 in
1290 404 1638 478 componendis

522 494 661 549 libris
697 485 893 548 XXXI.
895 492 1237 547 —XXXXV

817 617 956 629 e———d

242 705 437 770 mirum
463 719 645 769 fortasse
677 720 811 768 uideri
839 726 1001 782 potest,
1041 724 1152 780 quod
1174 726 1236 769 «de
1264 726 1453 778 ratione,
1482 732 1567 780 qua
1594 719 1638 769 ⁹1¹.

127 798 269 843 Liuius
300 791 468 855 Polybio
499 811 597 843 usus
627 802 696 852 sit,
727 801 920 855 scripturi
950 801 1109 842 initium
1132 801 1308 843 'facimus
1339 801 1392 842 ab
1419 801 1471 842 iis
1498 800 1639 843 bisto-

122 861 292 917 riarum
310 873 443 926 libris,
475 875 544 927 qui
575 887 629 915 ex
660 886 788 927 opere
820 874 1045 929 Polybiane
1086 886 1171 916 non
1215 875 1370 930 integri
1400 876 1638 928 supersunt,

122 941 197 990 sed
224 949 268 989 in
297 933 486 1001 reliquiis
518 939 670 988 tantum
697 948 834 1000 iisque
863 948 1005 1000 paucis
1038 951 1079 1002 et
1108 947 1283 998 laceris;
1325 959 1418 988 cum
1448 947 1556 988 enim
1587 958 1638 988 ea

122 1009 384 1064 historiarum
416 1018 557 1076 Polybi
595 1023 716 1074 pars,
756 1010 865 1073 quae
901 1019 1131 1074 respondet
1162 1019 1252 1063 Liui
1290 1017 1406 1062 libris
1436 1014 1641 1062 xxxi.—

121 1084 348 1145 XXXXV.‚
379 1094 702 1148 comprehendat
731 1094 859 1136 libros
890 1091 991 1136 XVl.
1022 1093 1141 1144 (inde
1170 1107 1192 1136 a
1223 1096 1355 1148 capite
1384 1090 1554 1146 xxm.)
1584 1112 1639 1124 —

121 1166 249 1210 XXX.
282 1167 434 1222 (usque
464 1167 517 1209 ad
549 1172 668 1222 caput
696 1163 801 1220 XV.)
833 1172 875 1209 et
904 1179 994 1210 cum
1027 1181 1080 1209 ex
1108 1179 1236 1221 opere
1255 1165 1401 1222 Polybi
1430 1164 1642 1222 supersint

126 1242 283 1297 integri
311 1241 346 1282 V
375 1245 532 1282 tantum
562 1241 683 1294 primi
711 1241 822 1296 libri,
854 1241 1116 1294 uersabimur
1146 1243 1190 1283 iu
1221 1242 1467 1295 quaestione
1495 1245 1641 1283 nostra

124 1326 210 1357 non
230 1315 272 1355 iu
293 1314 459 1369 integra
478 1313 742 1368 historiarum
755 1310 899 1369 Polybi
919 1318 1052 1369 parte,
1082 1313 1159 1374 sed
1180 1314 1224 1358 in
1243 1314 1503 1371 fragmentis,
1533 1324 1641 1369 quae

123 1384 214 1430 cum
245 1389 391 1442 partim
418 1388 462 1428 in
492 1388 700 1441 excerptis
733 1385 873 1440 operis
902 1370 1234 1440 Constantiniani
1264 1391 1504 1444 asseruata,
1534 1399 1639 1442 par-⁶

121 1463 192 1505 tim
222 1463 272 1506 ab
304 1451 537 1515 Athenaeo,
568 1473 591 1502 a
621 1459 856 1513 Plutarcho,
887 1472 911 1501 a
941 1458 1067 1503 Suida
1098 1464 1177 1501 cet.
1218 1460 1367 1506 tradita
1397 1462 1495 1515 siut,
1525 1474 1645 1510 nuuc?

124 1536 372 1587 editionibus
402 1534 554 1588 'Polybi
596 1535 725 1576 inseri
745 1533 917 1577 solent.
976 1534 1156 1582 Nosmet,
1175 1535 1270 1589 ‚ipsi
1307 1545 1553 1590 quamquam
1582 1534 1640 1582 il..

122 1593 217 1652 lam'
246 1621 350 1661 rem,
378 1608 623 1662 aliquantum
653 1607 902 1649 incommodi
941 1608 1197 1661 quaestioni,
1249 1620 1371 1662 quam
1415 1609 1640 1652 instituturi

123 1694 282 1735 sumus,
314 1680 467 1724 afferre
498 1680 767 1734 confitemur,
808 1687 943 1723 tamen
989 1680 1113 1724 nobis
1140 1693 1226 1724 nou
1254 1683 1337 1724 uisi
1366 1694 1507 1725 sumus
1537 1684 1641 1726 tanti

43 1743 49 1748 ”
123 1749 267 1799 facere
296 1754 476 1811 debere,
516 1759 562 1797 ut
602 1755 820 1798 consilium
859 1757 1117 1812 propositum
1148 1757 1479 1797 immutaremus:
1519 1768 1640 1799 nam-

124 1817 204 1883 qu'e
248 1824 423 1883 'primum
468 1829 711 1881 quaestione
749 1833 892 1871 nostra
937 1829 1015 1870 hac
1043 1830 1205 1871 ratione
1234 1829 1417 1871 instituta
1446 1841 1642 1885 magnum

126 1890 329 1958 quoddam
359 1902 583 1954 lucramur,
612 1914 650 1943 u.
682 1913 776 1957 pag.
807 1900 944 1956 3-4,
981 1900 1118 1957 quod,
1157 1903 1192 1944 si
1231 1902 1351 1944 aliter
1394 1914 1484 1945 rem
1512 1904 1640 1946 insti-

82 2027 84 2029 ¹
122 1982 352 2030 tueremus,
384 1990 408 2019 e
437 1977 649 2028 manibus,
679 1981 726 2018 ut
754 1978 809 2018 ita
838 1976 998 2030 dicam,
1029 1977 1137 2020 elabi
1164 1982 1424 2031 pateremur,
1469 1978 1639 2031 deinde,

121 2051 158 2092 si
187 2037 271 2093 alio
296 2051 452 2093 ‘ordine
482 2050 664 2092 adhibito
694 2051 911 2103 inquirere
930 2054 1183 2092 tentaremus
1216 2053 1255 2092 in
1277 2052 1368 2093 Liui
1392 2063 1511 2092 usum
1534 2063 1638 2093 con·-

125 2123 362 2166 siderantes
384 2125 501 2177 prius
533 2124 663 2165 libros
682 2123 990 2175 XXl.—XXX.‚
1020 2136 1068 2165 re
1089 2137 1203 2176 uera,
1234 2128 1279 2164 ut
1300 2127 1458 2178 experti
1479 2136 1638 2177 sumus,

121 2197 180 2240 ne
207 2184 501 2253 proficeremus
533 2196 697 2251 quidem
727 2200 908 2250 tantum,
958 2202 1151 2255 quantum
1192 2199 1283 2252 quis
1313 2202 1477 2253 putaret
1504 2198 1638 2252 primo

122 2270 306 2325 aspectu.
363 2270 526 2312 Liuium
557 2271 663 2313 enim
707 2284 799 2312 cum
839 2284 1011 2324 prorsus
1052 2271 1323 2324 improbabile
1350 2273 1406 2314 sit
1438 2273 1480 2313 in
1506 2274 1638 2327 prima

125 2349 167 2388 et
192 2344 390 2403 secun-da·
413 2344 571 2386 decade
601 2345 772 2400 Polybio
814 2357 934 2387 usum
966 2358 1061 2387 esse
1094 2368 1148 2376 —
1178 2344 1292 2399 quod
1328 2358 1462 2400 nuper
1490 2347 1638 2398 Lucas,

126 2419 313 2474 „Disput.
345 2417 396 2460 de
425 2419 605 2471 ratione,
636 2432 716 2472 qua
747 2420 885 2461 Liuius
917 2420 960 2459 in
1001 2419 1117 2459 libris
1148 2418 1420 2461 historiarum
1447 2420 1638 2462 conseri-

128 2493 278 2536 luendis
298 2505 404 2536 usu-s
426 2497 492 2535 est
514 2504 643 2546 opere
656 2492 911 2546 Polybiano“
942 2496 1044 2546 part.
1061 2493 1092 2546 1,
1121 2506 1160 2548 p.
1179 2491 1247 2547 17,
1279 2493 1507 2550 Glogauiae
1530 2490 1642 2535 1854

123 2550 342 2609 contendit
369 2591 424 2598 —
455 2579 535 2608 uec
565 2577 710 2607 uerum
740 2567 796 2607 sit
822 2566 867 2608 in
908 2568 1032 2609 tertia
1063 2566 1221 2609 decade
1261 2567 1400 2620 operis
1429 2565 1642 2620 Polybiani

122 2624 288 2681 auxilio
308 2641 493 2684 caruisse
523 2666 577 2672 —-
609 2641 718 2696 quod
740 2640 931 2694 michael,
965 2641 1036 2695 „ln
1066 2642 1146 2684 wie
1165 2641 1264 2684 weit
1297 2641 1366 2682 hat
1389 2639 1530 2700 Livius
1555 2640 1640 2683 den

122 2710 318 2768 Polybius
347 2715 409 2758 als
431 2715 707 2771 Hauptquelle
733 2713 958 2758 beuutzt“‘?
990 2715 1159 2771 Torgau
1183 2710 1307 2768 1859,
1336 2726 1374 2768 p.
1392 2712 1495 2770 8sq.
1518 2714 1659 2760 euin-⁴

1344 2790 1363 2833 1
