1835 2878
136 245 192 254 -
239 219 300 275 ,ιβ’
317 252 331 273 ,
366 218 431 272 10,
462 218 595 262 7-91
635 219 858 272 XXXVIII,
888 221 938 273 5,
969 219 1096 263 7-9.
1158 221 1364 265 Heronem
1401 223 1538 277 potius
1578 233 1659 264 ex-

141 295 368 351 cerpsisse,
414 305 537 348 quam
574 294 738 350 integra
778 293 1018 337 reddidisse
1056 295 1199 350 Polybi
1226 295 1356 338 uerba
1390 301 1591 351 putamus,
1618 307 1660 338 u.

135 383 231 426 pag.
266 367 317 412 17
328 382 342 419 3
382 381 476 410 nam
507 369 562 410 ita
592 369 805 423 breuiter,
835 372 880 410 ut
908 381 1017 411 nunc
1046 369 1242 425 legimus,
1279 370 1479 426 Polybius
1508 356 1570 413 de⁰
1590 361 1660 413 illa

136 456 185 484 re
213 444 439 497 scripsisse
467 454 550 483 non
579 447 728 495 potest.
790 443 922 492 Quam
953 443 1006 485 ob
1038 456 1126 485 rem
1176 445 1345 495 omnia,
1385 457 1494 498 quae
1521 445 1660 487 Liuius

133 518 308 569 habeat,
345 530 367 559 a
402 516 570 572 Polybio
616 521 657 557 et
697 517 787 570 ipso
818 517 970 570 scripta
1008 516 1142 560 fuisse
1187 529 1367 572 eumque
1408 517 1542 560 solum
1572 519 1662 561 Liui

132 593 291 634 sontem
322 591 452 633 fuisse
483 590 712 631 uerisimile
744 595 820 632 est.
853 615 910 622 —
950 589 1029 644 xpt',
1065 590 1138 637 ll:
1179 592 1399 645 XXXVIII,
1438 593 1481 646 7,
1506 590 1662 635 4-13.

131 668 234 709 Eius
265 667 353 718 rei,
392 665 506 719 quod
539 664 765 721 diligenter
795 666 934 708 Liuius
964 667 1088 708 uertit
1117 667 1330 722 Polybium
1343 669 1381 720 ¹)
1399 698 1412 719 ,
1464 667 1662 709 indicium

133 745 198 783 est
228 752 349 784 error
399 751 593 796 quoque,
644 752 765 794 quem
817 741 1032 783 committit
1061 745 1087 791 9
1122 741 1173 785 10
1204 743 1247 783 in
1276 739 1491 784 uertenda
1522 741 1664 797 Polybi
1749 783 1756 789 ,

133 821 159 865 S
194 816 262 867 14,
295 815 347 857 de
379 827 462 869 quo
494 827 536 855 u.
567 827 605 867 p.
636 814 707 856 41.
740 838 794 846 —
823 814 899 866 κβ’,
940 817 1125 859 12—152
1168 815 1391 867 XXXVIII,
1426 816 1472 868 9,
1506 815 1663 860 3-1L

131 890 277 931 Liuius
318 889 444 930 alium
484 888 640 930 fontem
680 888 794 930 iuxta
828 888 1039 943 Polybium
1082 901 1177 934 non.
1200 890 1390 943 spernit,
1434 889 1511 931 sed
1554 888 1662 932 nibil

131 977 264 1019 graue
296 977 350 1005 ex
381 956 432 1005 eo
465 964 595 1015 addit,
625 963 728 1004 nihil
760 965 895 1015 enim,
932 963 1044 1017 quod
1076 965 1273 1018 Polybius
1305 976 1389 1007 non
1418 964 1581 1016 habeat,
1619 966 1661 1005 in

134 1039 254 1079 Liuio
288 1039 481 1092 legimus,
512 1041 801 1091 praeterquam
833 1038 942 1090 quod
975 1038 1026 1078 M.
1057 1038 1196 1079 Valeri
1227 1050 1379 1079 nomen
1413 1038 1657 1090 „Laeuium“

139 1116 181 1153 et
213 1110 262 1153 ad
295 1111 336 1155 Ο.
366 1111 506 1152 Valeri
538 1122 688 1151 nomen
720 1111 900 1163 „fratre“
948 1122 1094 1153 uocem
1139 1123 1192 1152 ex
1221 1111 1335 1153 fonte
1365 1112 1553 1155 Romano
1583 1111 1662 1154 ad-

92 1186 106 1198 ¹
140 1185 251 1227 didit.
296 1184 416 1236 Quod
448 1188 645 1226 narretur
677 1185 759 1226 Pol.
797 1186 863 1237 12,
895 1184 920 1226 4
952 1189 993 1226 et
1024 1197 1072 1226 ea
1094 1186 1242 1238 uerba,
1273 1197 1382 1240 quae
1415 1191 1515 1227 sunt
1546 1185 1591 1226 ἐν
1621 1186 1666 1235 ἓξ

128 1260 245 1313 μησί
274 1272 307 1301 c.
344 1260 411 1311 13,
443 1260 486 1311 3,
516 1260 558 1300 ίη
587 1259 676 1301 Liui
708 1263 935 1311 contextu,
985 1272 1107 1313 quem
1140 1260 1313 1302 dicimus
1337 1291 1349 1312 ,
1399 1259 1663 1303 intercidisse

134 1334 259 1376 ualde
288 1334 517 1376 uerisimile
548 1339 641 1384 est,
689 1346 783 1374 cum
822 1346 875 1374 ex
914 1334 1120 1376 industria
1148 1334 1291 1376 Liuius
1330 1334 1426 1376 talia
1456 1339 1661 1388 practer-

132 1409 299 1450 mittere
339 1420 424 1450 non
474 1408 621 1449 soleat.
680 1407 876 1449 Narratio
922 1408 1174 1449 transfertur
1204 1409 1287 1451 Pol.
1324 1408 1390 1461 14,
1424 1407 1451 1451 3
1490 1408 1664 1451 Romam

132 1483 356 1537 statimque
387 1482 686 1535 discrepantias
719 1482 998 1534 conspicimus
1009 1494 1023 1532 ;
1063 1480 1337 1524 additamenta
1380 1482 1528 1524 saltem
1579 1494 1665 1525 non

129 1558 283 1613 exigua
325 1557 498 1598 alterius
538 1556 668 1598 fontis
704 1556 845 1598 Liuius
886 1556 953 1611 hic
1002 1569 1086 1598 non
1127 1562 1387 1610 aspernatur.
1457 1556 1659 1610 Namque,

132 1642 241 1685 quae
271 1630 396 1673 habet
423 1631 508 1673 Pol.
545 1629 612 1684 14,
642 1630 685 1684 4,
716 1630 844 1672 multo
876 1630 1047 1686 amplius
1089 1632 1279 1686 exposita
1322 1635 1422 1674 sunt
1458 1630 1502 1675 L.
1538 1631 1605 1685 10,
1635 1631 1662 1675 3

129 1705 363 1747 secundum
394 1707 518 1748 alium
548 1707 714 1747 scilicet
743 1706 911 1748 fontem.
973 1706 1094 1755 Quod
1124 1707 1269 1746 attinet
1299 1705 1352 1746 ad
1372 1707 1541 1747 nomina
1561 1705 1663 1745 Δᾶ-

131 1794 218 1831 μις,
251 1779 337 1821 Pol.
372 1778 439 1831 14,
460 1777 514 1834 ,6,
546 1782 586 1820 et
617 1778 801 1832 „.Leon“,
830 1778 920 1819 Liu.
956 1776 1022 1830 10,
1053 1780 1095 1831 4,
1127 1779 1300 1821 alterum
1336 1792 1389 1821 ex
1429 1779 1496 1821 iis
1517 1790 1665 1821 emen-

133 1854 317 1895 dandum
349 1865 445 1895 esse
476 1853 644 1894 uidetur
674 1865 727 1893 ex
759 1853 916 1903 altero;
966 1864 1059 1894 nam
1091 1864 1176 1894 non
1207 1853 1306 1894 licet
1338 1853 1562 1899 arbitrari,
1591 1852 1666 1894 Li-

135 1929 247 1970 uium
275 1928 316 1969 id
349 1939 524 1979 nomen,
573 1927 685 1981 quod
718 1926 911 1981 Polybius
954 1926 1217 1978 tradidisset,
1262 1938 1438 1980 prorsus
1470 1930 1666 1968 contem-

133 2002 270 2054 psisse
300 2006 342 2043 et
373 2002 488 2043 aliud
515 2001 825 2055 praeposuisse.
889 2000 972 2042 Pol.
995 2012 1029 2040 c.
1055 2000 1124 2052 15,
1156 2012 1250 2041 cum
1280 2001 1361 2041 iam
1393 1999 1446 2040 de
1481 1998 1667 2043 foederis

139 2074 459 2118 condicionibus
505 2079 657 2131 agatur
680 2106 692 2127 ,
742 2087 792 2117 re
842 2088 965 2130 quam
1010 2075 1260 2130 grauissima
1312 2085 1392 2115 nec
1423 2073 1668 2116 exornando

130 2154 244 2205 apta,
273 2149 377 2191 nihil
405 2149 519 2192 aliud
549 2150 693 2192 Liuius
723 2151 803 2193 sibi
833 2150 1068 2193 faciendum
1098 2161 1198 2192 esse
1227 2139 1365 2202 uidet,
1393 2149 1479 2191 nisi
1507 2152 1553 2192 ut
1581 2147 1669 2191 Po-

134 2225 291 2280 lybium
322 2236 443 2279 quam
465 2226 779 2267 accuratissime
810 2227 853 2266 in
879 2226 1056 2280 singulis
1079 2235 1247 2278 quoque
1273 2223 1423 2266 uerbis
1443 2228 1647 2277 sequatur

135 2312 229 2342 nam
259 2299 356 2342 inde
388 2300 439 2342 ab
470 2300 589 2342 initio
622 2299 809 2342 foederis
840 2300 1114 2342 condiciones
1142 2299 1195 2341 ad
1215 2299 1392 2342 uerbum
1418 2311 1473 2341 ex
1494 2297 1667 2353 Polybio

142 2375 293 2415 uertit:
344 2387 464 2427 quam
508 2375 563 2416 ob
593 2387 680 2416 rem
712 2387 748 2415 c.
786 2373 852 2426 ll,
881 2372 911 2416 2
941 2375 1051 2415 inter
1083 2373 1344 2427 „aduersus“
1387 2376 1430 2414 et
1469 2372 1665 2425 „socios“

142 2447 408 2490 intercidisse
454 2448 645 2503 „ipsos“,
689 2453 976 2504 congruenter
1007 2460 1099 2489 cum
1128 2448 1210 2490 Pol.
1245 2453 1270 2498 ς
1301 2446 1327 2490 3
1357 2444 1431 2487 ἐπὶ
1449 2442 1668 2498 Ῥωμαί-

143 2537 238 2571 ους
281 2515 307 2575 ἢ
347 2518 447 2568 τούς
492 2516 744 2574 συμ’μάχοῡς
794 2520 867 2563 καί
913 2521 1069 2578 φίλους
1098 2517 1259 2570 αὐτῶν,
1301 2525 1457 2564 certum
1501 2519 1669 2562 uidetur

248 2651 286 2693 1)
312 2650 407 2684 cuius
431 2649 536 2684 uerba
560 2649 771 2684 accuratiora
796 2654 930 2684 exstant
954 2659 974 2683 a
1006 2647 1169 2684 Muellero
1194 2648 1285 2684 editu
1309 2647 1344 2682 in
1365 2643 1501 2689 losephi
1522 2644 1670 2681 editione

133 2714 234 2749 modo
259 2715 442 2749 nominata.

1189 2809 1254 2844 ...κ’
1285 2788 1289 2790 ’
