1835 2878
270 186 399 230 Hisce
426 186 619 240 reliquiis
648 185 802 240 Polybi
830 185 984 227 Liuius
1019 192 1229 240 praetera
1270 200 1374 231 usus
1405 194 1470 231 est
1497 189 1688 243 fontibus

153 273 242 303 non
272 261 378 304 solis
407 260 591 314 quidem,
621 260 698 302 sed
721 259 996 314 principibus
1009 260 1044 313 ¹)
1060 275 1073 301 .-

270 334 335 386 ιζ’,
364 332 528 377 1—10:
549 333 718 386 XXXII,
740 330 925 376 32-36.
957 333 1058 376 Cum
1075 346 1153 377 nec
1170 334 1270 377 talia
1292 346 1315 377 a
1331 334 1448 379 Liuio
1465 336 1687 391 addantur,

153 408 288 465 qualia
328 420 415 451 non
458 408 585 452 addat
626 407 754 464 uolgo
788 405 840 451 de
879 419 982 461 suo,
1022 420 1103 451 nec
1137 408 1381 464 omittantur
1419 411 1515 466 alia,
1545 408 1687 468 r'quam

155 496 265 539 quae
312 484 446 540 uolgo
491 484 684 526 omittere
741 482 901 535 soleat,
944 494 1029 525 non
1084 483 1467 531 animaduertuntur
1505 488 1688 545 uestigia

151 559 259 601 alius
290 571 411 613 quam
432 558 577 612 Polybi
607 557 764 608 fontis3
795 556 848 599 de
875 557 963 599 Liu.
996 554 1068 611 32,
1099 555 1127 600 9
1156 571 1196 600 ιι.
1225 571 1320 615 pag.
1353 556 1433 612 353
1464 566 1687 614 praeterea

150 633 244 675 ueri
274 631 519 674 simillimum
551 643 647 673 esse
677 634 795 686 puto,
825 630 1039 687 Polybium
1067 628 1110 685 8,
1145 629 1199 675 10
1228 633 1343 686 item,
1374 636 1420 675 ut
1439 633 1526 678 LIu.
1558 632 1629 687 35,
1657 632 1685 678 9

148 706 301 752 babeat
331 704 591 762 „perfugas“,
620 705 840 759 scripsisse
871 703 990 758 „nal
1030 705 1158 753 τοῦς
1187 703 1552 758 αὐτομόλους
1596 706 1688 749 καὶ

150 780 252 828 τοῦς
283 776 584 833 αἰχμαλώτους
613 777 782 827 πάντας.
827 778 890 819 De
921 777 1001 820 hoc
1031 778 1264 835 fragmento
1282 791 1323 821 u.
1346 780 1468 822 etiam
1481 781 1684 835 ,Nitzschq

149 855 292 908 Polyb.
313 867 351 908 p.
372 850 464 895 108.
496 877 551 885 -
583 851 650 903 ιζ’,
674 849 868 894 ll—l2:
899 851 1068 904 XXXII,
1099 850 1167 895 37.
1197 853 1389 907 Polybius
1410 866 1497 897 non
1518 856 1597 897 iam
1619 860 1687 897 est

147 927 267 970 solus
296 926 416 978 sons3
449 938 502 968 ex
543 937 577 967 c.
614 922 667 967 12
696 925 943 979 paucissIma
974 925 1111 968 haurit
1145 925 1297 970 Liuius.
1327 950 1383 958 —
1415 926 1483 981 ιη’,
1518 925 1680 971 1--1οε

147 1002 347 1054 XXXIII,
389 1000 443 1054 5,
484 998 654 1053 3—10,
700 1001 727 1042 f.
770 1000 857 1043 Pol.
901 997 973 1054 ιη’,
1009 999 1028 1042 1
1063 1000 1208 1054 Liuio,
1251 1001 1298 1053 5,
1329 1000 1355 1044 3
1386 1026 1441 1032 —
1472 1002 1525 1055 f.,
1563 1003 1682 1045 solus

148 1075 247 1119 fons
288 1075 419 1116 fuisse
461 1073 651 1123 uidetur;
693 1084 787 1113 nam
827 1071 939 1127 quod
990 1085 1065 1126 ea,
1105 1086 1215 1127 quae
1254 1074 1340 1116 Liu.
1383 1079 1408 1125 5
1441 1073 1553 1118 7-8
1583 1080 1625 1118 et
1654 1074 1682 1118 9

149 1154 328 1201 exstant,
360 1150 401 1189 in
425 1148 594 1203 Polybio
617 1147 772 1200 scripta
798 1151 896 1188 sunt
921 1152 1076 1189 mutato
1099 1148 1263 1200 ordine,
1296 1149 1389 1190 miri
1417 1149 1519 1191 nihil
1540 1150 1678 1203 habet,

149 1236 190 1265 u.
241 1236 334 1279 pag.
375 1220 451 1264 88:
507 1221 583 1264 sed
624 1221 721 1262 inde
764 1233 786 1261 a
818 1232 905 1274 cap.
945 1218 975 1262 2
1022 1220 1124 1275 (Liu.
1166 1234 1200 1264 c.
1230 1220 1275 1276 6)
1316 1226 1381 1264 est
1420 1222 1514 1265 fons
1554 1225 1677 1278 prin-

146 1310 244 1351 ceps
275 1301 447 1348 tantum,
480 1296 530 1337 cf.
561 1296 649 1337 Liu.
686 1296 752 1347 10,
789 1296 850 1336 10.
912 1295 975 1335 De
998 1295 1087 1336 Liui
1118 1307 1265 1337 errore
1295 1296 1338 1336 in
1369 1308 1402 1338 c.
1433 1294 1477 1349 9,
1507 1295 1535 1339 6
1566 1309 1606 1340 ιι.
1639 1310 1676 1340 e.

144 1387 184 1429 g.
218 1372 314 1414 edit.
346 1369 553 1412 Drakenb.
574 1369 605 1422 2)
636 1392 690 1398 —-
712 1366 780 1422 ιη’,
807 1365 995 1411 16—22:
1026 1368 1212 1419 XXXIII,
1241 1369 1421 1414 11—13.
1480 1370 1676 1428 Polybius

146 1452 212 1489 est
242 1447 337 1489 fons
369 1448 564 1501 princeps
574 1459 586 1497 ;
619 1456 654 1485 c.
691 1442 756 1497 16,
787 1440 902 1488 4-7
933 1456 957 1485 a
984 1443 1102 1485 Liuio
1139 1445 1490 1499 praetermittitur.
1520 1469 1578 1479 —-
1607 1445 1676 1501 ιη’,

144 1521 221 1565 26:
255 1521 445 1573 XXXIII,
476 1518 548 1571 27,
582 1515 737 1570 5-28,
773 1516 820 1570 l;
854 1518 906 1559 de
927 1519 1010 1561 Pol.
1043 1524 1067 1568 S
1103 1519 1155 1563 10
1185 1532 1223 1560 ιι.
1254 1532 1347 1574 pag.
1372 1518 1439 1563 72.
1465 1518 1534 1573 ιη’,
1564 1518 1679 1563 27-

144 1598 223 1642 31:
255 1596 451 1648 XXXIII,
491 1593 675 1638 30—35.
752 1593 892 1635 Liuius
936 1597 1016 1635 tam
1058 1592 1281 1649 diligenter
1321 1595 1455 1637 utitur
1486 1594 1676 1650 Polybio,

145 1676 191 1712 ut
222 1684 272 1712 ea
304 1682 496 1723 quoque,
537 1681 646 1722 quae
676 1668 764 1717 30,
804 1668 831 1711 6
862 1667 1034 1718 babeat,
1077 1668 1119 1709 in
1161 1667 1334 1721 Polybio
1366 1670 1601 1720 exstitisse,
1632 1670 1675 1710 in

144 1745 294 1801 ecloga
325 1745 435 1785 inter
466 1744 537 1795 27,
569 1741 595 1785 6
627 1746 667 1784 et
696 1742 778 1794 27,
810 1743 834 1784 7
868 1742 919 1782 ab
951 1746 1200 1794 excerptore
1232 1741 1383 1783 omissa
1415 1754 1511 1784 esse
1542 1754 1674 1797 appa-

143 1824 251 1862 reat.
311 1818 373 1860 De
413 1817 505 1858 Liui
542 1828 691 1857 errore
737 1828 770 1857 c.
802 1815 881 1867 35,
922 1816 975 1867 8,
1007 1828 1044 1856 ιι.
1080 1814 1240 1857 Lachm.
1284 1827 1320 1866 p.
1352 1816 1421 1858 53.
1482 1816 1675 1859 Ceterum

143 1898 303 1937 certum
335 1905 431 1935 esse
461 1894 587 1946 puto,
620 1902 685 1942 ea,
727 1902 836 1944 quae
868 1889 1004 1932 Liuius
1040 1887 1122 1942 34,
1162 1889 1189 1932 9
1221 1889 1330 1932 dicat
1358 1889 1456 1932 inde
1486 1902 1508 1947 a
1538 1892 1672 1934 uerbo

143 1968 358 2022 „Heraea“
390 1978 526 2021 usque
554 1964 606 2007 ad
639 1964 926 2017 „Eretriam“,
956 1964 1224 2006 intercidisse
1253 1965 1297 2005 in
1329 1965 1474 2020 Polybi
1505 1965 1670 2020 ecloga,

142 2056 177 2086 c.
208 2043 281 2095 30,
316 2043 366 2085 10
397 2046 494 2097 post
525 2039 609 2093 ἔτι,
651 2043 875 2095 propterea
912 2037 1025 2092 quod
1063 2050 1113 2081 ea
1151 2039 1241 2093 ipsa
1270 2036 1415 2085 Liuius
1444 2038 1618 2093 sumpsit
1647 2052 1671 2081 a

141 2118 308 2165 nemine
335 2117 415 2157 nisi
445 2128 469 2157 a
494 2115 695 2170 Polybio;
728 2125 849 2168 quam
880 2113 932 2155 ob
963 2124 1053 2155 rem
1079 2125 1134 2155 ne
1165 2111 1353 2154 dubitent
1382 2111 1567 2156 editores
1596 2114 1671 2157 illa
1729 2116 1735 2126 “

140 2192 272 2236 uerba
302 2191 496 2244 recipere
540 2190 583 2231 in
612 2188 755 2244 Polybi
800 2190 1054 2240 contextum,
1096 2187 1165 2241 qui
1212 2186 1373 2230 dicitur.
1416 2187 1556 2240 Quod
1584 2188 1671 2235 Liu.

141 2266 215 2320 33,
232 2265 259 2306 2
284 2264 557 2308 Flamininum
586 2262 759 2304 XXXIII
788 2261 920 2303 ferme
951 2270 1155 2302 annorum
1187 2260 1317 2303 fuisse
1342 2262 1532 2304 scribens
1564 2274 1670 2305 con-

139 2341 311 2383 tradicit
330 2339 501 2394 Polybio
531 2336 619 2390 (ιζ’,
655 2338 722 2388 12,
753 2338 816 2389 5),
848 2334 949 2377 nihil
980 2335 1073 2377 miri
1103 2335 1229 2393 habet
1258 2336 1300 2378 in
1326 2337 1398 2379 tali
1419 2349 1479 2379 re.
1511 2361 1566 2367 --
1598 2336 1668 2388 ιζ’,

140 2412 212 2469 32,
244 2412 408 2459 3—34:
435 2412 621 2466 XXXIII,
653 2409 837 2457 39—40.
898 2409 1165 2464 Lachmanni,
1202 2422 1237 2465 p.
1269 2409 1341 2464 54,
1373 2415 1533 2465 annot,
1560 2421 1669 2452 con-

254 2533 294 2580 1)
316 2534 563 2578 Nonnunquam
585 2534 621 2567 in
644 2533 695 2567 his
721 2542 859 2578 quoque
883 2531 1107 2577 congruentia
1142 2536 1233 2566 tanta
1257 2536 1329 2574 est,
1364 2536 1403 2570 ut
1425 2530 1522 2564 Liuio
1555 2528 1667 2565 fontes

140 2598 204 2634 soli
227 2598 332 2634 fuisse
357 2597 555 2639 uideantur;
579 2606 691 2642 neque
714 2606 800 2631 uero
825 2596 904 2639 hoc,
928 2601 966 2630 ut
988 2596 1023 2630 In
1046 2595 1101 2639 iis,
1127 2605 1195 2641 qua
1215 2593 1444 2636 antecedunt,
1469 2602 1512 2627 ex
1536 2601 1666 2639 genere

139 2663 312 2704 materiae,
336 2672 424 2707 quae
447 2666 615 2702 narratur,
641 2660 797 2693 concludi
820 2665 935 2703 potest
958 2659 1004 2694 ob
1031 2670 1174 2704 eamque
1196 2670 1270 2694 rem
1294 2657 1432 2692 dubium
1461 2662 1525 2691 est.

255 2723 296 2770 2)
319 2724 459 2760 Frustra
481 2723 669 2759 defendere
691 2722 803 2757 studet
824 2721 972 2765 Lachm.,
997 2731 1030 2766 p.
1054 2721 1113 2757 82.
