1853 2860
826 137 1111 182 ...20—

205 257 393 311 exempla
435 254 533 297 uide
573 255 758 298 Hultsch.
791 255 815 297 l.
847 268 910 308 a.,
952 268 990 310 p.
1025 253 1078 298 10
1108 269 1199 298 cum
1242 261 1383 302 annot.
1413 255 1469 300 23
1479 272 1492 310 ;
1544 253 1726 299 ceterum

206 343 326 385 quam
353 333 510 371 temere
540 328 771 371 uniuersim
803 330 971 385 egerint
1000 330 1271 384 excel-ptores
1291 327 1593 384 inscribendo,
1622 342 1724 386 per-

203 404 308 457 spici
338 407 481 458 potest
515 414 570 445 ex
599 402 749 445 talibus
781 402 1083 457 additamentis,
1114 403 1236 458 quale
1264 408 1330 445 est
1359 416 1394 448 e.
1413 414 1455 461 g.
1481 405 1578 448 ibid.
1599 399 1723 459 p.·'10,

208 489 249 519 u.
283 474 351 530 13,
378 477 429 521 cf.
461 476 549 520 P-ol.
577 476 648 528 111,
681 474 708 518 4
739 488 807 518 ex.
838 481 881 518 et
909 477 935 517 5
966 477 1023 518 in.
1056 476 1117 518 De
1147 478 1354 531 excerptis
1384 478 1614 522 Valesianis
1634 484 1725 520 ‘rem

198 562 247 592 se
284 551 383 592 item
428 550 583 593 habere
623 561 754 591 unum
793 550 939 592 saltem
980 551 1262 592 testimonium
1310 552 1441 605 promi
1484 556 1642 606 potest·
1669 564 1723 594 ex

201 625 512 678 comparatione
543 623 634 665 eius
666 624 869 677 excerpti,
901 623 1011 676 quod
1029 623 1156 665 Bekk.
1186 626 1326 677 posuit
1355 626 1400 667 in
1430 625 1538 667 libro
1552 625 1722 679 XXIIII,

199 709 236 738 c.
268 695 312 750 9,
343 709 380 751 p.
410 694 511 748 977,
541 708 579 739 u.
611 693 686 746 26,
717 696 831 749 quod
862 701 927 738 est
952 696 1230 750 Valesianum,
1262 710 1354 740 cum
1385 710 1436 740 eo
1457 698 1630 740 Maiano
1653 697 1723 739 in-

198 771 353 823 stituta,
382 768 497 824 quod
526 769 636 811 idem
666 770 805 822 posuit
832 769 941 811 libro
962 769 1126 822 XXIIII,
1158 783 1191 813 c.
1208 768 1288 821 811,
1319 769 1361 813 u.
1381 770 1432 820 14
1458 770 1496 825 q‘.
1518 784 1567 824 s.‚
1599 770 1722 828 Heys.

196 841 321 898 p.65‚
336 854 375 885 u.
388 838 445 884 24
468 853 575 895 quae
596 841 679 882 duo
704 846 875 895 exerpta
906 836 1151 895 quamquam
1172 853 1227 883 ex
1245 841 1391 884 iisdem
1414 841 1555 898 Polybi
1575 833 1718 885 uerbis

172 942 175 945 >
195 915 342 969 hausta
362 927 458 958 esse
480 926 602 957 nemo
624 915 808 970 negabit,
829 918 963 957 tamen
981 926 1111 957 uoces
1133 928 1277 958 eorum
1297 917 1491 973 singulae
1510 929 1596 959 non
1617 929 1722 960 con-

149 977 174 1002 *
195 991 395 1042 sentiunt,
417 988 493 1032 sed
510 989 554 1030 in
569 988 791 1030 Valesiano
814 989 944 1030 uerba
958 989 1100 1044 Polybi
1116 990 1186 1032 uel
1203 991 1378 1032 maxime
1396 996 1493 1033 sunt
1509 990 1720 1034 contracta

197 1069 239 1106 et
279 1064 469 1105 breuiter
515 1062 814 1115 comprehensa
829 1061 875 1113 ¹).
938 1064 1094 1112 Quibus
1119 1062 1260 1106 uerbis
1292 1065 1344 1105 de
1374 1066 1580 1118 excerptis
1602 1066 1721 1107 Con-

195 1122 364 1180 stamini
384 1136 507 1179 factis
527 1140 675 1187 restat,
705 1140 752 1176 ut
773 1135 969 1187 dicamus,
999 1136 1035 1177 si
1070 1148 1177 1190 quae
1206 1136 1395 1179 addenda
1416 1137 1634 1182 habeamus
1665 1139 1720 1182 de

193 1212 371 1264 epitome
401 1209 568 1263 Polybi,
614 1220 719 1260 quae
751 1212 887 1248 exstat
915 1209 958 1248 in
989 1209 1136 1249 codice
1166 1209 1368 1251 Vrbinate
1397 1215 1439 1251 et
1470 1217 1716 1265 „excerpto-

191 1295 286 1326 rum
316 1280 609 1336 antiquorum“
641 1281 809 1322 nomine
840 1281 910 1323 diu
939 1280 1284 1337 significabatur,
1334 1282 1386 1324 de
1429 1284 1580 1338 quibus
1613 1284 1713 1327 uide

191 1356 427 1410 Schweigh.
469 1355 533 1396 ed.
564 1354 649 1395 Pol.
681 1346 708 1394 t.
741 1354 766 1396 1.
799 1366 836 1407 p.
866 1355 1111 1396 XXXXVIII
1152 1360 1193 1396 et
1233 1355 1432 1408 Hultsch,
1469 1357 1494 1398 1.
1526 1370 1575 1408 a.,
1605 1371 1643 1412 p.
1673 1361 1714 1411 2,

192 1433 332 1473 annot.
361 1427 411 1470 6:
461 1427 513 1469 de
543 1427 608 1469 his
644 1439 749 1469 uero
781 1439 860 1469 nec
900 1434 1075 1482 prorsus
1109 1432 1266 1470 certum
1297 1429 1491 1472 iudicium
1520 1431 1713 1485 proferro

189 1515 411 1559 possumus
436 1515 515 1544 nec
546 1503 658 1556 quod
691 1503 772 1544 hoc
801 1514 849 1543 se
880 1502 936 1544 ita
963 1502 1090 1544 habet
1111 1503 1317 1557 dolemus,
1345 1509 1569 1558 propterea
1600 1505 1712 1559 quod

189 1592 243 1622 ex
274 1591 418 1621 eorum
448 1589 624 1622 numero
655 1577 906 1631 paucissima
937 1580 1095 1617 tantum
1134 1577 1175 1617 in
1207 1580 1393 1620 nostram
1423 1580 1711 1632 quaestionem

186 1652 488 1707 pertinebunt,
529 1663 621 1692 cum
662 1651 783 1692 finem
823 1650 1004 1690 habeant
1045 1651 1123 1691 iam
1153 1651 1195 1691 in
1235 1651 1342 1692 libro
1376 1653 1519 1705 Polybi
1550 1653 1712 1705 XV111.,

186 1732 334 1769 nostra
363 1725 554 1779 quaestio
585 1725 743 1765 initium
776 1724 936 1764 demum
978 1725 1110 1777 capiat
1150 1737 1172 1765 a
1210 1716 1318 1765 libro
1350 1725 1479 1774 XVI.;
1524 1729 1709 1767 ceterum

187 1811 279 1841 eam
309 1799 516 1852 epitomen
547 1798 680 1851 magis
708 1796 763 1837 ad
795 1798 967 1837 uerbum
999 1809 1088 1837 cum
1119 1797 1261 1850 Polybi
1300 1797 1566 1839 historiarum
1598 1810 1705 1839 con-

187 1877 327 1926 textu,
360 1884 479 1928 quem
512 1871 711 1923 dicimus,
754 1872 1022 1923 consentire,
1055 1881 1174 1924 quam
1206 1875 1404 1925 excerpta
1435 1870 1710 1926 Constantini,

185 1948 421 2003 colligimus
452 1958 505 1987 ex
537 1946 755 1996 Hultschii,
788 1946 814 1985 l.
849 1957 900 1997 a,
931 1957 968 1997 p.
1003 1943 1067 1995 10,
1099 1945 1151 1987 de
1183 1957 1233 1986 ea
1258 1930 1307 1985 re
1336 1946 1514 1986 silentio.

300 2021 463 2071 Quibus
495 2015 752 2076 argumentis
785 2031 878 2060 cum
910 2018 952 2059 id
983 2018 1172 2060 effectum
1211 2019 1288 2069 sit,
1336 2022 1382 2058 ut
1412 2018 1705 2074 intellegamus

182 2095 381 2149 reliquias
411 2093 613 2137 librorum
643 2092 787 2147 Polybi
812 2092 1120 2142 xvi-XXX„
1151 2091 1346 2144 imprimis
1378 2096 1576 2146 excerpta
1593 2093 1705 2137 Con·
1771 2105 1777 2113 ·

182 2169 352 2211 stantini
396 2167 583 2220 plurimis
626 2166 734 2208 locis
774 2178 859 2207 non
899 2165 1064 2207 referre
1105 2165 1270 2219 integra
1320 2164 1466 2218 Polybi
1503 2167 1632 2209 uerba
1663 2173 1705 2210 et

181 2255 277 2285 cum
308 2254 363 2283 ex
392 2241 481 2282 aliis
512 2241 678 2291 causis,
723 2251 825 2293 quas
865 2251 993 2294 supra
1031 2238 1262 2291 attulimus,
1307 2239 1504 2293 prodeat,
1543 2241 1702 2290 Liuium

178 2315 352 2370 Polybio
381 2314 425 2356 in
456 2313 520 2356 his
551 2312 821 2356 historiarum
850 2313 1079 2367 particulis,
1111 2323 1218 2366 quae
1240 2312 1474 2366 pertineant
1501 2313 1553 2355 ad
1584 2315 1700 2357 solos

182 2388 383 2443 Graecos,
413 2400 500 2431 non
531 2388 582 2431 ad
612 2388 852 2441 Roman0S,
890 2387 984 2429 solo
1014 2386 1131 2428 fonte
1161 2388 1245 2440 uti,
1276 2387 1318 2428 in
1349 2387 1400 2429 iis
1430 2399 1561 2441 uero,
1592 2400 1701 2441 quae

281 2505 319 2554 1)
346 2507 506 2544 similium
530 2508 830 2554 discrepantiarum
855 2514 890 2544 et
912 2508 1027 2552 totius,
1051 2508 1094 2544 de
1117 2519 1185 2555 qua
1207 2508 1365 2552 dicimus,
1387 2502 1439 2543 rei
1460 2504 1617 2550 exempla
1638 2506 1702 2542 ali·

177 2564 322 2616 plurima
359 2571 510 2615 perspici
548 2579 713 2616 possunt,
750 2574 780 2608 si
813 2574 888 2619 quis
912 2573 1033 2608 librum
1056 2579 1295 2617 excerptorum
1334 2573 1425 2616 περὶ
1468 2570 1698 2615 ἐπιβουλῶν,

179 2645 279 2680 quem
300 2634 453 2670 Federus
476 2633 590 2677 edidit,
614 2634 1014 2680 Darmstadi1848—55‚
1040 2636 1217 2672 euoluens-
1232 2644 1348 2671 earum
1371 2631 1613 2668 sententiarum
1635 2643 1696 2668 ra-

105 2745 107 2747 ,
178 2696 305 2732 tionem
327 2697 442 2740 habet,
467 2707 557 2742 quae
579 2696 615 2731 in
638 2708 706 2732 uno
730 2705 892 2744 excerpto
917 2701 1075 2743 omissae,
1098 2699 1134 2734 in
1156 2699 1265 2734 altero
1284 2696 1417 2740 positae
1441 2700 1529 2739 sunt,
1555 2696 1600 2733 cf,
1624 2696 1695 2732 Fe-

178 2758 262 2802 der„
284 2769 319 2803 p.
344 2761 377 2803 1,
402 2765 517 2795 annot.
542 2759 578 2796 1.
