1853 2860
757 82 1043 127 ..3ο-

138 208 245 240 uero
278 198 483 252 quaestio,
516 196 718 251 quatenus
748 197 886 239 Liuius
927 197 970 238 in
1013 197 1114 252 ipsis
1162 198 1340 255 singulis
1369 199 1549 243 minutiis
1579 211 1659 242 ex·-

139 271 347 326 ponendis
388 270 511 314 modo
554 271 767 327 Polybium
809 270 946 313 solum
991 271 1149 315 fontem
1191 272 1391 316 adhibere
1441 277 1659 317 contentus

137 346 296 399 fuerit,
341 346 465 388 modo
508 346 633 389 alium
673 346 830 388 fontem
870 346 914 392 in
945 358 1064 389 usum
1096 348 1337 400 uocauerit,
1381 360 1508 404 saepe
1536 350 1661 392 nullis

135 419 368 462 rationibus
411 419 464 462 ad
504 419 699 474 liquidem
741 419 918 474 perduci
970 432 1096 473 posse
1142 420 1339 477 uidetur,
1388 422 1472 464 nisi
1511 422 1659 471 consi-

140 493 298 534 deratis
338 491 438 547 ipsis
479 491 561 535 illis
608 493 803 534 uertendi
839 491 1176 546 proprietatibus.
1238 494 1519 547 Quaecunque
1550 493 1658 539 enim

134 578 205 608 res
246 567 329 607 uim
359 566 515 608 habent
552 566 603 608 ad
643 566 922 622 indagandum
953 579 1072 609 usum
1109 566 1334 620 uertendi‚
1378 568 1461 610 huc
1491 572 1679 623 quoque·

133 640 367 693 pertinent3
398 640 451 682 ob
483 651 586 695 quas
617 652 766 683 causas
797 641 938 683 Liuius
969 634 1201 684 narrationi
1229 635 1374 697 Polybi
1404 645 1476 685 aut
1501 640 1654 696 aliquid

140 712 357 755 addidisse
396 718 466 755 aut
506 725 596 755 eam
643 714 872 769 paullulum
915 715 1155 757 immutasse
1198 708 1562 769 deprehendetur,
1602 714 1656 758 ob

137 786 306 829 easdem
347 799 423 841 pro
463 799 610 843 magna
651 793 769 841 parte
807 788 849 829 in
890 789 1092 830 minutiis*
1114 788 1356 840 referendis
1380 789 1499 832 alies<
1518 789 1657 833 fontes

135 866 304 913 praeter
334 861 547 913 Polybium
580 860 812 901 adhibebat.
874 860 1072 902 Ceterum
1102 862 1145 902 in
1176 862 1417 903 uniuersum
1446 862 1530 904 hoc
1558 873 1656 904 mo·-

132 932 329 993 nendum·
338 937 414 985 est,
442 943 527 976 non
548 944 643 975 esse
663 934 755 975 ueri
782 933 916 991 simile
932 933 1088 976 Liuium
1108 935 1152 976 in
1172 934 1301 976 rebus
1324 931 1501 978 minimis
1526 944 1656 990 saepe

131 1008 176 1048 in
204 1008 401 1049 auxilium
425 1018 607 1050 uocasse
639 1008 744 1049 alios
764 1008 921 1060 fontes,
951 1009 1137 1062 exceptis
1156 1010 1317 1052 scilicet
1345 1009 1428 1052 illis
1456 1009 1659 1052 historiae

132 1082 353 1135 particulis
375 1113 387 1133 ‚
439 1082 587 1134 quibus
632 1082 673 1122 in
705 1083 944 1122 uniuersum
975 1082 1081 1124 alios
1110 1083 1207 1125 illos
1237 1083 1376 1125 fontes
1405 1094 1491 1125 non
1520 1084 1657 1126 minus

131 1154 351 1195 adhibebat
380 1165 499 1206 quam
530 1153 745 1208 Polybium
755 1166 769 1204 3
805 1154 846 1195 ei
877 1154 985 1196 enim
1015 1153 1243 1206 soum-cui
1281 1154 1482 1198 credebat
1510 1156 1555 1197 in
1583 1165 1657 1198 re·

130 1228 207 1269 bus
240 1228 459 1283 grauibus,
491 1237 567 1269 cur
599 1240 685 1271 non
718 1227 914 1270 crederet
942 1228 985 1269 in
1015 1229 1224 1270 minimis?

257 1300 476 1344 Multarum
506 1303 799 1355 mutationum,
846 1313 948 1357 quas
988 1303 1128 1345 Liuius
1166 1303 1216 1344 in*
1240 1302 1413 1357 Polybio
1445 1303 1658 1346 uerteudo

130 1377 272 1419 facere
302 1376 436 1429 solet,
464 1378 714 1419 mentionem
745 1377 824 1418 iam
855 1376 955 1417 fecit
983 1374 1293 1426 Lachmannus,
1325 1376 1351 1418 l.
1371 1376 1411 1418 1.·
1430 1372 1483 1429 11,
1510 1388 1547 1431 p.
1572 1372 1660 1420 108-

130 1464 168 1505 q.
199 1462 233 1493 s,
294 1451 347 1492 Et
375 1451 470 1493 illae
502 1464 524 1492 a
545 1451 807 1492 Lachmanno
839 1454 1102 1497 memoratae,
1134 1458 1237 1503 quas
1268 1450 1336 1491 hic
1365 1460 1455 1504 pro
1475 1452 1649 1493 maxima

129 1529 248 1578 parte
278 1525 448 1567 silentio
481 1525 582 1566 licet
611 1526 968 1579 praetermittere,
1008 1528 1049 1565 et
1080 1524 1277 1576 aliarum,
1319 1522 1372 1565 de
1402 1522 1552 1578 quibus
1583 1523 1650 1565 di·-

133 1609 275 1640 cemus
293 1630 305 1650 ,
331 1609 449 1653 pars
481 1599 685 1653 originem
717 1599 874 1639 ducunt
905 1610 959 1638 ex
990 1597 1234 1639 diuersitate
1264 1598 1481 1651 utriusque
1510 1599 1651 1651 operis

130 1678 174 1715 et
203 1686 258 1716 ex
288 1674 538 1727 scriptorum
570 1673 753 1726 ipsorum
800 1671 967 1714 diuersa
1013 1664 1174 1713 natura.
1237 1671 1340 1713 Cum
1371 1672 1478 1713 enim
1507 1677 1652 1715 notum

128 1748 183 1789 sit
214 1747 424 1802 Polybium
457 1758 551 1787 esse
579 1751 712 1800 gente
745 1746 945 1787 Graecum
977 1750 1018 1785 et
1045 1746 1293 1799 scriptorem
1334 1746 1535 1788 historiae
1564 1746 1651 1787 Llll

129 1832 333 1863 annorum
368 1820 634 1871 uniuersalis,
667 1832 785 1874 quam
817 1820 1006 1878 dicimus,
1038 1824 1080 1860 et
1101 1820 1383 1875 pragmaticae
1407 1843 1461 1850 —
1493 1820 1545 1861 de
1577 1829 1652 1861 cu-

132 1897 199 1936 ius
230 1896 509 1949 pragmatismi
539 1906 700 1948 genere
730 1906 770 1935 u.
803 1894 1076 1944 Nitzschium,
1108 1893 1317 1948 Polybius,
1350 1906 1385 1945 p.
1407 1894 1465 1937 88
1486 1904 1571 1946 q.S.
1593 1917 1651 1925 --

131 1969 290 2010 Liuium
323 1980 444 2019 uero,
477 1969 528 2009 cf.
561 1967 879 2009 Weissenborni
912 1967 937 2008 l.
970 1967 995 2008 l.
1026 1979 1063 2020 p.
1094 1965 1164 2018 31,
1195 1968 1442 2020 scriptorem
1473 1979 1497 2008 e
1526 1971 1655 2020 gente

126 2042 312 2083 Romana
343 2042 542 2082 historiae
573 2042 783 2082 Romanae
815 2043 986 2093 eiusque
1016 2051 1193 2094 prorsus
1236 2048 1320 2080 non
1352 2040 1653 2093 pragmaticae,

126 2127 204 2170 per
235 2127 282 2157 se
312 2115 570 2170 intellegitur
600 2128 651 2157 ea
682 2114 918 2157 differentia
963 2113 1116 2155 factum
1148 2123 1268 2165 esse,
1316 2116 1363 2153 ut
1392 2112 1530 2155 Liuius
1545 2112 1576 2167 ι)
1607 2114 1651 2154 in

125 2190 257 2232 rebus
288 2190 475 2243 paruolis
508 2189 711 2242 quaedam
741 2201 795 2229 ex
825 2188 968 2242 Polybi
998 2187 1175 2228 historia
1206 2186 1424 2238 omittere,
1455 2187 1537 2228 alia
1566 2188 1651 2228 im-

127 2269 303 2317 mutare,
336 2265 418 2306 alia
449 2262 631 2317 denique
661 2261 713 2304 ad
744 2263 836 2304 eius
868 2261 1081 2303 historiam
1111 2259 1268 2302 addere
1295 2260 1467 2302 soleret.

243 2339 309 2381 Ex
335 2339 525 2380 omnibus
556 2337 686 2392 igitur
715 2335 1034 2385 mutationibuS,
1075 2346 1181 2386 quae
1209 2334 1251 2374 in
1282 2335 1488 2377 uertendo
1519 2346 1652 2389 appa-

126 2419 235 2467 rent,
265 2413 441 2468 primum
471 2423 543 2453 eas
563 2411 847 2466 inspiciamus,
878 2420 988 2464 quae
1007 2412 1126 2452 ortae
1155 2412 1251 2451 sunt
1280 2421 1334 2450 ex
1364 2409 1541 2451 diuersa
1560 2409 1651 2450 ors·-

125 2491 221 2545 9inc
253 2493 296 2531 et
325 2486 506 2529 consilio
535 2487 752 2540 utriusque
783 2484 1031 2539 scriptoris,
1049 2486 1091 2525 et
1120 2493 1174 2524 ex
1203 2493 1256 2524 ea
1284 2494 1347 2536 re,
1377 2481 1488 2537 quod
1504 2481 1647 2522 Liuius
1706 2527 1708 2529 ,

127 2563 328 2606 Romanis
339 2561 432 2604 fere
445 2559 550 2603 solis
561 2558 774 2601 historiam
785 2570 902 2602 suam
914 2557 1176 2612 conscripsit,
1192 2556 1389 2612 Polybius
1399 2565 1505 2598 uero
1514 2553 1651 2597 Gras-

223 2656 262 2701 1)
286 2658 449 2692 'racemus
473 2655 530 2691 hic
554 2654 598 2688 de
630 2654 711 2687 totis
740 2653 912 2698 particulis
941 2652 1104 2688 historias
1126 2651 1265 2697 Polybi,
1295 2660 1379 2696 quas
1408 2648 1605 2693 praeteritas
1628 2660 1650 2684 a

127 2715 224 2751 Liuio
249 2714 383 2757 acinus,
406 2725 437 2749 e.
461 2725 495 2759 g.
519 2723 633 2749 rerum
663 2711 752 2747 inter
775 2711 924 2747 Graecos
948 2710 1043 2746 solos
1070 2716 1243 2756 gestatam
1267 2716 1447 2743 sumam,
