1835 2878
759 85 1043 130 -59-

230 218 233 222 <
263 197 344 253 κβ,
374 198 454 243 22:
483 198 706 264 XXXVIII,
742 201 819 256 25,
852 201 1004 245 1—-11,
1065 200 1258 256 Polybius
1299 205 1364 242 est
1402 200 1499 243 fons
1537 201 1656 256 prin-

144 285 271 329 οοφες
319 274 460 329 itaque
486 278 581 319 ueri
609 277 859 319 simillimum
898 280 985 329 est,
1033 275 1247 330 Polybium
1277 279 1302 325 5
1333 273 1383 318 11
1432 276 1655 330 scripsisse

141 342 375 397 ἑξακοσίων
400 341 735 398 consentientem
765 362 859 392 cum
880 350 965 392 Liu.
996 355 1032 400 5.
1056 351 1108 394 10
1138 353 1209 390 aut
1229 349 1387 391 Liuium
1417 349 1513 392 ibid.
1543 350 1655 392 scri-

141 421 277 475 psisse
315 419 704 483 „quingentorum“.
758 446 812 454 -
858 420 935 475 κβ’,
977 421 1108 477 23,'2
1149 423 1209 474 (Β.
1241 421 1341 475 945,
1372 436 1415 465 ιι.
1443 424 1655 477 25‘—2·1):

142 493 364 549 xxxviii,
393 495 464 549 33,
498 485 689 548 10—113
733 497 877 539 eadem
919 499 1125 540 monenda
1165 503 1284 549 sunt,
1330 509 1439 558 quae
1480 496 1533 538 de
1576 494 1656 549 κβ,

143 569 211 622 21,
240 570 406 615 δό-έὶἓῑ
505 592 509 596 -
644 584 647 597 ²
712 579 728 615 .“

236 641 334 695 ,κβζ
364 640 555 685 2446:
595 640 826 695 xxxvm,
865 642 1064 695 37-39,
1093 642 1133 686 2.
1194 645 1239 685 In
1282 645 1408 697 prima
1438 649 1556 698 parte
1586 644 1658 685 Li-
1736 655 1739 658 ·

110 704 117 706 ξ
142 719 240 762 uias
265 715 468 771 quasdem
498 718 726 760 sententias
754 717 936 772 profert,
967 730 1071 773 quas
1098 728 1182 759 non
1213 719 1269 760 ita
1300 721 1496 759 accurate
1526 729 1660 772 expo-

141 793 245 833 situs
283 788 408 832 habet
448 791 671 845 Polybi-us,
711 792 771 833 ‘ita
812 796 858 832 ut
885 797 954 833 aut
994 792 1078 833 Pol.
1120 792 1391 833 uehementer
1436 796 1659 845 excerptus

142 875 238 908 esse
267 865 469 920 putandus
499 866 553 907 sit
584 871 656 908 aut
684 866 769 909 Liu.
800 879 853 908 ex
882 866 964 908 alio
995 866 1111 909 fonte
1143 865 1212 907 illa
1243 865 1482 920 sumpsisse.
1543 866 1658 908 Foe-

138 938 218 982 dus
264 952 354 984 cum
393 940 599 982 Antiocho
634 941 763 981 'ictum
804 940 943 982 Liuius
984 945 1114 981 totum
1149 939 1273 981 habet
1307 952 1360 981 ex
1389 940 1475 981 Pol.
1519 945 1561 981 et
1602 941 1660 981 ita

145 1013 307 1067 quidem
339 1017 546 1064 accurate,
575 1018 621 1055 ut
650 1013 761 1055 multi
793 1014 900 1065 loci,
931 1014 1080 1068 quibus
1112 1024 1344 1055 consensus
1374 1006 1561 1055 turbatus
1591 1014 1660 1065 sit,

139 1089 230 1128 sine
247 1088 374 1129 dubio
390 1088 476 1128 sint
493 1088 750 1131 emendandi.
793 1087 929 1141 Atque
945 1089 1117 1141 primum
1139 1088 1306 1141 quidem
1329 1087 1413 1131 Pol.
1434 1085 1507 1140 26,
1521 1088 1547 1129 5
1566 1093 1659 1141 post

139 1158 286 1216 χώρας
322 1161 469 1203 lacuna
508 1172 591 1203 non
628 1161 764 1203 solum
804 1161 948 1204 uerbis
990 1162 1227 1217 Polybiunis
1257 1150 1383 1215 ipsis,
1422 1161 1498 1202 sed
1539 1162 1660 1204 etiam

145 1235 328 1277 Liuianis
345 1235 569 1290 'detegitur
583 1237 630 1288 ¹).
691 1236 774 1278 Pol.
804 1233 877 1288 26,
908 1235 933 1277 5
965 1236 1243 1287 demonstrat,
1273 1235 1359 1276 Liu.
1391 1232 1462 1286 38,
1493 1234 1518 1276 5
1549 1240 1659 1277 ante.

147 1309 312 1362 „ni-'rna‘
343 1308 609 1351 intercidisse
641 1310 801 1362 „nisi“;
831 1310 918 1355 Pol.
946 1314 971 1360 5
998 1308 1028 1352 9
1052 1314 1172 1352 recte
1194 1309 1380 1350 coniecit
1398 1309 1588 1362 Vrsinus,
1617 1322 1659 1351 u.

139 1383 237 1425 edit.
256 1381 371 1435 Bek.‚
401 1381 539 1436 p.948
566 1384 669 1435 ima5
700 1385 742 1424 in
761 1384 844 1425 fine
875 1389 900 1433 5
917 1381 944 1426 8
963 1384 1230 1426 Inter-cidisse
1247 1382 1414 1426 uidetur
1443 1383 1488 1425 ἐν
1515 1379 1660 1436 ῥηταῖς

140 1453 318 1511 ἡμέραις
348 1458 440 1508 (eut
466 1457 550 1498 tale
580 1456 752 1511 aliquid)
781 1456 1007 1499 secundum
1037 1457 1126 1500 Liu.
1157 1461 1184 1507 5
1210 1455 1238 1499 6
1270 1460 1393 1511 „ante
1423 1456 1530 1499 diem
1561 1468 1661 1498 cer-

140 1530 274 1582 tam“;
305 1543 404 1572 num
434 1531 517 1574 Pol.
551 1536 576 1581 5
610 1531 660 1575 11
693 1525 793 1580 ἑυύς
823 1531 868 1573 ἐν
894 1529 1106 1589 Ἀπαμειᾲ
1132 1537 1294 1574 rectum
1324 1533 1393 1584 sit,
1425 1529 1548 1573 ualde
1578 1531 1659 1572 du-

141 1604 251 1646 bium
283 1608 350 1647 -est
393 1616 527 1659 euque
567 1604 771 1647 dubitatio
817 1609 996 1660 augetur
1044 1605 1135 1647 Liui
1180 1606 1232 1647 de
1275 1605 1354 1648 hac
1393 1618 1442 1647 re
1490 1605 1660 1647 silentio

139 1679 241 1721 Cum
271 1679 490 1722 obscurior
522 1680 575 1722 sit
594 1680 806 1722 sententia·
828 1681 873 1721 in
901 1680 986 1724 Pol.
1016 1684 1043 1730 5
1078 1681 1130 1723 10
1155 1684 1200 1721 et
1224 1680 1313 1721 Liu.
1338 1685 1363 1730 5
1387 1677 1429 1732 8,
1460 1681 1504 1722 iu
1530 1680 1661 1722 alter-

133 1758 246 1807 utro,
277 1755 356 1795 nisi
386 1755 524 1807 potius
555 1755 597 1795 in
628 1759 809 1809 utroque
844 1756 1049 1809 scriptore
1085 1755 1216 1797 uerba
1252 1755 1420 1797 turbata
1451 1753 1659 1797 uidentur.

133 1828 348 1887 Dissensio
388 1827 497 1868 inter
544 1828 628 1868 Pol.
670 1832 697 1877 5
741 1827 791 1871 13
831 1831 874 1869 et
911 1827 1006 1869 'Liu.
1050 1833 1075 1878 5
1118 1829 1146 1872 8
1196 1829 1345 1881 culpae
1387 1828 1657 1870 librariorum

141 1896 285 1945 deberi
315 1901 498 1955 uidetur,
529 1913 622 1944 nam
652 1901 776 1944 ualde
804 1901 849 1944 fit
877 1915 932 1944 ex
956 1902 1075 1946 Liuio
1097 1901 1329 1957 probabi-le,
1359 1902 1501 1959 Polybi
1529 1903 1662 1946 uerba

133 1978 263 2020 fuisse
292 1974 401 2029 μηδὲ
429 1973 819 2029 τριακοντακώπου
850 1973 977 2028 ἕχετω
1006 1974 1239 2029 μείζονα
1280 1977 1421 2029 μηδὲ
1444 1976 1660 2032 μονήρη

133 2048 427 2101 ἐλαυνόμενον,
464 2049 561 2091 item
577 2048 705 2099 Polus
722 2046 776 2090 14
797 2054 893 2092 ante
923 2045 1189 2106 ἀκρωτηρίου
1218 2050 1447 2094 secundum
1470 2052 1558 2095 Liu.
1590 2050 1660 2103 59

134 2124 400 2178 intercidisse
423 2124 592 2166 uidet-ur
622 2116 648 2178 ἢ
667 2119 743 2165 τοῦ
766 2121 1064 2178 Σαρπηδονίου
1079 2124 1125 2179 ¹).
1168 2127 1284 2176 Quae
1313 2126 1398 2170 Pol.
1418 2131 1442 2177 5
1466 2127 1513 2172 17
1532 2127 1657 2169 dicit:

134 2194 262 2250 ἀτελῆ
293 2195 340 2240 δὲ
370 2215 406 2242 κ.
432 2212 466 2241 τ.
499 2200 552 2250 λ.,
599 2211 650 2242 ea
685 2199 729 2242 in
768 2199 885 2242 Liuio
927 2199 1195 2244 intercidisse
1233 2213 1318 2243 non
1349 2205 1414 2243 est
1456 2201 1654 2243 dissimile

136 2274 251 2324 ueri3
291 2273 372 2314 sed
402 2274 511 2327 quae
544 2279 568 2323 5
604 2274 657 2318 18
687 2273 803 2315 dicit:
849 2269 923 2313 ἐὰν
953 2271 1000 2312 δὲ
1030 2289 1065 2313 κ.
1096 2288 1132 2314 τ.
1158 2276 1206 2323 k,
1238 2287 1286 2315 ea
1306 2275 1444 2316 Liuius
1472 2286 1521 2316 re
1551 2287 1657 2318 uera

137 2347 328 2389 omisisse
353 2351 507 2400 ¹potest.
582 2348 668 2390 Pol.
699 2353 724 2398 5
751 2349 808 2390 20
845 2351 940 2389 ante
967 2344 1020 2385 τι]
1058 2345 1103 2386 ἐν
1149 2343 1263 2388 ἔτεσι
1303 2349 1572 2392 intercidisse
1596 2349 1656 2404 τῷ

139 2416 317 2472 Εὐμένει
365 2425 411 2460 ⁴et
448 2426 534 2473 per‘
568 2433 614 2462 se
663 2426 704 2462 et
745 2434 803 2462 ex
834 2420 948 2462 Liuio
978 2420 1261 2477 intellegitur;
1306 2422 1389 2467 Liu.
1422 2427 1447 2472 5
1479 2421 1534 2463 14
1561 2428 1657 2476 post
1718 2416 1720 2418 ’

136 2501 342 2557 „‘septem“
374 2501 640 2542 intercidisse
679 2501 923 2553 „drachmas
953 2500 1224 2544 Gloccvssi‘
1270 2516 1324 2544 ex
1352 2502 1520 2557 Polybio
1552 2514 1654 2555 per-

116 2563 322 2632 spiciunt.
385 2574 468 2616 Pol.
497 2579 522 2624 5
553 2574 609 2618 26
655 2575 833 2620 fortasse
872 2575 1027 2617 omissa
1068 2581 1171 2619 sunt
1211 2576 1261 2619 ab
1299 2579 1546 2631 excerptor-e
1586 2590 1651 2629 ea,

224 2741 229 2744 Δ
251 2720 290 2768 1)
313 2722 404 2757 {hee
427 2724 493 2758 iam
516 2722 598 2758 uidit
618 2721 818 2758 Leuoeehius
836 2722 875 2756 *in
900 2721 987 2757 Gott.
1014 2721 1087 2758 Get.
1112 2721 1193 2757 ΔΜ.
1222 2721 1324 2764 1855,
1351 2731 1385 2765 p.
1407 2719 1488 2757 263.
