1835 2878
758 77 1043 123 -25—

145 194 360 254 quomodo
398 193 443 236 iu
481 192 697 236 reddendo
728 194 924 250 Polybio,
975 197 1170 249 quantum
1215 194 1266 237 ad
1296 196 1427 239 uerba
1455 196 1556 251 ipsa
1571 209 1654 252 po-

139 271 240 322 tius,
272 273 398 322 quam
427 266 479 310 ad
508 268 808 322 respertinet,
838 268 975 323 egerit
1001 263 1160 320 Liuius,
1191 268 1377 312 dicamus
1408 268 1461 311 de
1490 267 1653 322 ordine,

140 345 224 396 quo
267 347 340 384 res
379 353 635 396 unoquoque
677 353 787 384 anno
831 347 974 397 gestas
993 375 1006 395 ‚
1056 354 1162 397 quas
1204 354 1229 384 e
1257 343 1430 398 Polybio
1467 343 1654 396 sumpsit,

138 415 390 470 prompserit
437 418 479 456 et
525 415 568 457 in
602 426 744 469 vopere
788 426 868 457 suo
919 416 1185 470 disposuerit.
1224 417 1443 469 Quisquis
1471 415 1654 471 legendo

137 488 464 543 percurrit-Liui
493 488 624 532 libros
650 489 1049 533 XXX1.-XXXXV.
1079 489 1216 545 aliqua
1247 500 1341 531 cum
1372 500 1488 541 cura,
1518 490 1654 532 statim

138 562 274 617 uidet,
314 575 410 605 eum
449 563 623 618 Polybio
667 575 752 605 non
797 564 855 605 ita
884 563 941 605 uti
972 562 1139 616 solere,
1178 568 1224 606 ut
1252 563 1379 606 modo
1409 563 1490 605 hoc
1521 563 1654 617 capite

138 636 264 679 modo
291 637 365 679 illo
396 637 560 679 hauriat
589 636 788 691 quaedam
815 650 869 680 ex
889 649 957 690 eo,
987 650 1084 681 mox
1111 650 1159 680 se
1185 637 1403 681 dediturus
1431 638 1503 681 alii
1531 637 1653 690 fonti,

140 710 266 756 immo
316 709 409 751 eum
438 722 492 751 ne
522 710 577 751 ita
608 709 774 764 quidem
805 713 959 766 agere,
1003 715 1050 752 ut
1090 712 1272 753 diuersis
1317 713 1525 764 cuiusque
1555 711 1651 751 anni

137 783 393 838 temporibus
421 795 495 826 res
525 795 619 826 cum
650 783 821 826 Graecis
851 785 996 839 gestas
1026 807 1083 814 —
1112 796 1183 826 eas
1205 785 1314 826 enim
1335 795 1458 838 quam
1478 783 1652 825 maxime

138 856 278 899 reddit
304 868 360 899 ex
385 857 557 913 Polybio
587 879 641 889 —
670 869 724 899 ex
752 869 804 899 eo
830 862 1004 911 narret,
1047 862 1170 912 prout
1212 869 1381 912 quoque
1410 858 1543 911 spatio
1574 868 1651 898 se-

139 932 282 974 mestri
311 935 381 974 aut
407 932 604 973 trimestri
634 936 752 973 actae
781 933 886 983 sint,
934 931 1010 974 sed
1040 932 1247 986 aliquanto
1286 932 1471 973 rectiore
1499 932 1570 974 uia
1600 943 1652 973 ac

139 1006 304 1048 ratione
342 1005 555 1060 progredi.
616 1005 690 1046 llla
729 1005 836 1047 enim
875 1005 1092 1060 dispositio
1137 1010 1184 1046 ut
1211 1017 1260 1047 re
1287 1016 1363 1058 per
1391 1016 1438 1046 se
1467 1009 1652 1058 spectata

139 1081 253 1121 esset
282 1079 421 1133 inepta
453 1079 722 1134 obstaretque
751 1079 928 1122 maxime
963 1081 1090 1122 totius
1120 1079 1320 1123 historiae
1349 1080 1652 1135 perspicuitati,

138 1152 195 1195 ita
225 1165 279 1195 ne
308 1165 477 1208 operam
508 1152 673 1207 quidem
704 1153 794 1195 Liui
834 1154 876 1195 in
915 1153 1153 1209 colligenda
1183 1154 1451 1196 historiarum
1480 1153 1653 1196 materia

141 1230 265 1280 atque
295 1225 552 1280 disponenda
582 1227 801 1268 minueret.
862 1227 952 1269 Hoc
981 1227 1146 1292 quidem
1178 1227 1455 1269 confitendum
1486 1232 1579 1277 est,
1627 1240 1651 1269 a

135 1299 255 1341 Liuio
286 1310 372 1342 non
402 1310 499 1341 esse
529 1285 752 1342 adhibitam
782 1300 1123 1355 simplicissimam
1153 1304 1195 1342 et
1224 1301 1417 1355 optimam
1445 1300 1651 1342 rationem

136 1370 333 1414 diuersae
371 1373 639 1416 historiarum
683 1375 882 1416 materiae
912 1379 1007 1428 apte
1037 1374 1343 1430 disponendae,
1387 1386 1508 1428 quam
1539 1386 1576 1416 e.
1606 1387 1650 1428 g.

137 1445 572 1503 adhibuitPolybius,
617 1446 668 1489 cf.
708 1448 793 1489 Pol.
826 1448 876 1500 11,
909 1446 988 1501 71,
1034 1448 1106 1500 111,
1140 1446 1223 1490 118
1252 1452 1360 1501 cet,
1406 1448 1568 1490 scilicet
1604 1452 1653 1489 ut

134 1521 308 1574 primum
337 1526 554 1563 enarraret
581 1533 651 1563 res
681 1522 723 1563 in
754 1521 869 1564 Italia
890 1526 1048 1577 gestas,
1075 1522 1227 1565 deinde
1253 1522 1505 1575 praemissis·
1522 1522 1649 1564 rebus

136 1592 303 1637 Gallicis
333 1598 474 1650 atque
514 1595 856 1651 Hispaniensibus
896 1589 1128 1652 exponeret
1175 1608 1245 1638 res
1289 1594 1470 1639 Graecas
1515 1597 1651 1651 iisque

136 1670 385 1726 adiungeret
412 1675 621 1724 postremo
652 1671 762 1723 loco,
794 1672 832 1713 si
861 1683 966 1724 quae
996 1671 1255 1712 enarrandae
1285 1675 1405 1712 erant
1433 1682 1504 1712 res
1525 1671 1652 1711 Asia-

138 1745 246 1786 ticae
276 1744 347 1786 uel
387 1743 439 1786 ad
468 1744 716 1787 Antiochum
754 1744 824 1786 uel
861 1744 912 1786 ad
957 1744 1179 1786 Eumenem
1223 1745 1482 1798 pertinentes
1527 1747 1649 1798 atque

133 1819 438 1873 Aegyptiacae5
470 1817 545 1858 sed
575 1821 710 1858 tamen
741 1818 915 1859 similem
946 1822 1061 1859 certe
1100 1819 1303 1859 rationem
1332 1818 1375 1857 in
1401 1818 1647 1859 uniuersum

133 1891 324 1945 sequitur
354 1889 505 1932 Liuius.
547 1890 759 1931 -Plurimis
799 1891 908 1931 enim
946 1890 989 1931 in
1031 1890 1150 1931 libris
1181 1890 1260 1931 etsi
1296 1889 1353 1930 ita
1383 1889 1648 1945 singulorum

135 1977 338 2007 annorum
362 1975 432 2005 res
464 1963 673 2017 disponit,
716 1967 763 2004 ut
791 1976 956 2015 earum,
1001 1975 1109 2017 quae
1139 1963 1294 2005 Romae
1324 1963 1447 2014 fiant,
1491 1968 1651 2017 partem

133 2044 264 2094 ponat
290 2040 335 2080 in
364 2039 460 2091 fine,
489 2042 648 2093 partem
678 2038 722 2080 in
751 2037 870 2080 initio
900 2037 1103 2080 historiae
1125 2037 1327 2091 cuiusque
1347 2038 1445 2080 anni
1467 2038 1650 2093 itemque

132 2112 291 2154 referat
326 2124 396 2154 res
436 2112 616 2154 Gallicas
656 2116 700 2153 et
727 2111 971 2166 Hispanicas
1005 2111 1130 2153 modo
1175 2113 1219 2154 in
1267 2112 1386 2154 initio
1430 2111 1554 2155 modo
1604 2113 1649 2154 in

135 2185 218 2227 fine
249 2187 370 2238 anni,
410 2191 546 2228 tamen
577 2199 642 2239 ea,
670 2198 777 2240 quae
807 2198 862 2227 ex
891 2186 1061 2241 Polybio
1089 2175 1237 2239 sumit,
1282 2187 1325 2227 in
1355 2186 1650 2239 plerorumque

137 2270 342 2302 annorum
371 2259 557 2302 historiis
586 2272 671 2303 uno
702 2264 852 2303 tenore
883 2271 1097 2313 exponere
1142 2264 1184 2301 et
1215 2261 1255 2300 in
1286 2271 1368 2300 una
1396 2259 1508 2301 serie
1537 2259 1649 2302 haud

135 2333 367 2388 interrupta
398 2333 609 2386 explicare
639 2334 763 2387 solet,
792 2334 849 2376 ita
879 2337 925 2375 ut
952 2345 1075 2375 unum
1106 2333 1225 2385 quasi
1255 2343 1412 2386 corpus
1442 2332 1650 2389 integrum

135 2408 328 2452 efficiant.
388 2407 478 2450 Hoc
507 2419 592 2450 uon
622 2407 946 2463 intellegendum
976 2411 1039 2449 est
1067 2407 1148 2460 ita,
1184 2410 1377 2461 tanquam
1407 2419 1550 2450 omnes
1579 2409 1650 2450 uel

134 2484 324 2526 minimae
353 2493 423 2524 res
441 2511 453 2534 ,
480 2493 582 2536 quas
609 2481 781 2537 Polybio
811 2485 986 2522 auctore
1014 2479 1172 2534 refert,
1209 2482 1255 2524 in
1283 2482 1386 2535 illo,
1414 2486 1459 2524 ut
1488 2482 1545 2524 ita
1575 2480 1646 2523 di-

136 2571 241 2611 cam,
270 2567 405 2600 cuneo
435 2556 724 2609 reperirentur
752 2555 993 2598 necessario
1020 2567 1160 2610 neque
1186 2556 1275 2599 ullo
1302 2546 1520 2611 praeterea
1550 2554 1648 2597 loco

135 2631 338 2684 quaedam
382 2643 436 2674 ex
477 2629 646 2686 Polybio
692 2630 964 2686 transscripta
1002 2636 1255 2686 apparerent
1293 2632 1649 2679 (consentaneum

136 2704 244 2745 enim
274 2710 339 2748 est
365 2705 521 2755 Liuium
551 2703 671 2763 etiam
700 2708 919 2759 praeterea
951 2703 1161 2760 aliquibus
1202 2703 1306 2747 locis
1346 2702 1538 2760 singulas
1566 2703 1648 2745 mi-
