1835 2878
336 313 716 450 laudoalei
751 329 1208 431 Talnam}
1251 342 1451 402 vita.

105 567 108 570 ,
168 574 170 577 -
218 541 368 607 Natus
390 552 503 590 sum
527 537 790 591 Francofurti
829 536 883 579 ad
910 536 1103 578 Moenum
1133 548 1171 577 a.
1203 535 1377 577 d.V111.
1409 534 1493 578 kal.
1522 534 1643 577 uart.

128 617 228 658 anni
256 616 296 658 h.
324 628 357 657 s
387 602 600 663 XXXVIII
626 612 866 667 parentibus
895 610 1023 654 Isaac
1053 614 1094 653 et
1123 610 1249 653 Iulia
1309 607 1425 652 Fidei
1453 609 1642 655 addictus

126 699 216 730 sum
244 687 517 748 euangelicae
536 685 803 736 reformatae,
823 695 941 740 quae
970 683 1132 725 diciun.
1178 683 1429 734 Postquam
1417 695 1461 723 m
1482 683 1644 735 schola,

124 774 249 817 quam
276 761 366 816 illic
395 761 536 809 dicunt
574 760 814 812 normalem,
843 759 1002 811 literas,
1033 768 1140 812 quae
1161 755 1213 799 ad
1234 756 1347 799 uitae
1376 754 1644 811 quotidianae

125 847 243 878 usum
262 836 397 890 potius
417 836 643 890 pertinent,
670 834 818 876 doctus
839 844 946 895 sum,¹
978 843 1088 874 anno
1119 832 1158 872 h.
1189 843 1222 872 s.
1242 831 1292 872 LI
1318 831 1361 872 in
1386 833 1644 887 gymnasium

124 908 312 964 transm-
329 910 440 965 quod
467 909 845 954 Francofurti··tum
873 906 1051 953 florebat
1083 911 1252 950 rectore
1286 906 1511 959 ῐῖοοηωὶἱο,
1536 917 1644 961 pos..

123 987 194 1025 tea
226 984 429 1028 Classem
446 1013 459 1035 ‚
497 983 569 1037 qni
599 982 678 1036 ipsi
722 983 957 1024 etiamnunc
994 985 1173 1035 praeest.
1230 980 1309 1021 Vbi
1335 993 1431 1022 cum
1452 980 1645 1023 Clauserat·

89 1061 92 1063 ’
122 1057 319 1112 imprimis
338 1057 692 1110 Fleckeisenique‚
724 1066 834 1109 quos
860 1058 983 1111 grato
1018 1065 1183 1108 semper
1224 1064 1456 1109 prosequar
1485 1055 1639 1107 animo,

128 1117 358 1184 disciplinis
388 1130 548 1171 fructus
579 1140 739 1180 essem,
778 1140 913 1169 uerno
943 1132 1131 1180 tempore
1160 1128 1258 1169 anni
1288 1128 1373 1169 LVI
1402 1129 1644 1170 maturitatis

124 1204 363 1247 testimonio
403 1204 630 1248 instructus
669 1203 713 1245 in
748 1202 1003 1248 ‚academiam
1034 1201 1257 1259 Georgium
1300 1202 1534 1259 Augustam
1561 1203 1645 1246 mi-

128 1279 268 1333 graui,
298 1282 343 1320 ut
379 1277 525 1321 studiis
566 1277 829 1333 philologieis
868 1289 935 1318 me
965 1277 1120 1318 darem.
1180 1276 1342 1319 scholis
1382 1277 1440 1319 ibi
1475 1278 1645 1319 interfui

124 1353 431 1408 philologorum
445 1352 579 1405 Curti,
606 1366 638 1395 a>
654 1353 851 1405 Leutsch,
868 1352 1047 1407 Sauppi,
1068 1351 1300 1405 Wieselcrw',
1316 1351 1490 1396 aliorum
1502 1352 1644 1405 Lotzi,

127 1426 176 1468 G.
208 1427 418 1476 Muelleri,
449 1427 622 1476 Rimari,
657 1439 688 1467 a
712 1426 847 1477 Stein,
877 1430 1005 1478 atque
1035 1426 1210 1481 contigit
1235 1425 1349 1478 mihi,
1378 1430 1424 1468 ut
1451 1428 1648 1469 seminari

123 1499 430 1555 philologorum
462 1498 835 1542 exercitationibus
874 1499 1125 1541 interessem
1171 1510 1246 1553 per
1297 1509 1450 1542 aunum
1486 1500 1643 1545 sodalis

125 1573 389 1624 ordinarius,
438 1578 661 1626 postquam
700 1584 873 1613 munere
911 1573 1068 1614 sodalis
1108 1573 1427 1615 extraordinarii
1464 1586 1541 1627 per
1568 1587 1644 1629 par

128 1647 304 1701 spatium
324 1647 492 1689 functus
513 1658 665 1699 essem,
695 1646 875 1700 itemque
896 1651 943 1688 ut
963 1647 1073 1688 inter
1102 1647 1297 1689 seminari
1319 1647 1645 1706 archaeologici,

129 1720 240 1774 quod
275 1720 503 1763 Wieselero
534 1721 745 1762 directore
772 1720 918 1771 floret,
948 1719 1115 1763 sodales
1147 1720 1385 1764 ordinarios
1417 1727 1642 1765 auctumno

128 1799 314 1848 tempore
336 1796 432 1836 anni
452 1795 556 1836 LVII
576 1796 802 1848 reciperer.
835 1794 975 1836 Verno
992 1798 1176 1848 tempore
1195 1797 1294 1838 anni
1308 1795 1433 1839 LVIII
1450 1796 1644 1853 Gottinga

128 1868 277 1910 relicta
310 1867 491 1910 Bonnam
521 1867 735 1923 profectus
766 1879 877 1923 sum,
905 1867 974 1909 ubi
1003 1868 1159 1910 scholis
1187 1869 1358 1912 interfui
1376 1870 1641 1926 Βαεοήοὶενί,

123 1944 276 1994 mezi,
306 1943 457 1993 Iahni,
489 1943 646 1996 Longi,
677 1942 884 1993 Loebellc‘,
914 1943 1136 1996 Ritscheli,
1165 1943 1395 1998 Schopem',
1428 1945 1641 1990 Welckeri.

122 2017 283 2067 Quibus
314 2016 502 2059 omnibus
534 2016 638 2059 uiris
670 2028 761 2058 cum
792 2014 949 2059 debitas
985 2016 1144 2072 gratias
1182 2029 1279 2072 ago,
1309 2021 1392 2061 tum
1421 2031 1506 2063 non
1535 2031 1641 2075 pos-

122 2102 214 2133 sum
257 2092 366 2145 quint
397 2102 465 2132 me
509 2091 710 2144 imprimis
747 2091 924 2143 Iahnio,
971 2091 1228 2144 Bitschelim
1280 2093 1494 2137 Wetckero
1541 2095 1643 2150 plu-

110 2165 227 2208 'rima
259 2164 415 2207 debere
448 2164 673 2215 confitear,
720 2174 897 2217 quorum
928 2162 1156 2219 disciplinis
1187 2170 1232 2207 et
1259 2166 1360 2209 alias
1391 2167 1559 2210 fruebar
1598 2173 1642 2211 et

118 2239 166 2279 ⁴in
220 2239 500 2280 consessibus
545 2239 740 2280 seminari
779 2239 1111 2294 ph‘ilologorum,
1164 2241 1272 2283 inter
1322 2243 1443 2283 cuius
1473 2241 1641 2285 sodales

129 2312 365 2355 ordinarios
408 2318 453 2355 ut
479 2313 696 2367 reciperer
737 2324 881 2370 uerno*
912 2317 1098 2367 tempore
1139 2315 1234 2355 anni
1272 2315 1412 2357 LVllll
1452 2315 1641 2360 directo-

128 2401 218 2430 rum
246 2387 535 2437 beneuolentia
565 2388 672 2442 ⁸mihi
712 2388 898 2443 contigit.
959 2388 1128 2429 Praeter
1165 2389 1361 2431 seminari
1401 2390 1640 2447 philologo..

128 2473 217 2503 rum
249 2461 431 2513 scholas,
462 2473 635 2516 quarum
664 2473 739 2514 per
758 2461 822 2501 bis
862 2472 938 2501 sex
968 2472 1131 2502 menses
1158 2464 1363 2516 particeps
1395 2464 1453 2505 sui
1481 2466 1638 2507 sodalis

45 2575 49 2578 ,
126 2535 381 2586 ordinarius,
414 2534 530 2576 licuit
559 2533 654 2576 mihi
677 2537 718 2575 et
749 2534 877 2576 Iahni
906 2535 1275 2579 exercitationibus
1309 2537 1640 2594 archaeologicis

124 2609 330 2651 interesse
359 2621 434 2663 per
464 2609 675 2651 biennium
705 2612 747 2649 et
775 2606 968 2651 Loebelli
997 2609 1209 2654 historicis
1238 2623 1312 2664 per
1343 2623 1504 2654 anuum.
