1835 2878
777 89 1061 132 „49-

165 199 313 263 Polybi
338 204 488 261 ecloga
516 204 635 254 locus
666 209 817 257 exstat,
848 199 1003 259 qui'ex
1032 205 1146 247 Liuio
1179 211 1243 247 est
1273 205 1571 258 emendandus,
1601 209 1684 249 sci-

164 282 263 325 licet
292 290 326 322 θ.
356 276 437 332 34,
476 278 501 321 5
530 278 754 335 legendum
796 282 860 320 est
892 273 1097 328 ’Ἀτταλος
1139 278 1213 320 καί
1232 277 1389 321 Ῥόδιοι
1427 279 1502 331 τὰς
1536 284 1684 334 χεῖρας

165 368 202 397 κ.
235 369 269 397 τ.
304 355 344 396 λ’.
361 371 376 407 ,·
415 353 497 396 hoc
527 354 635 396 enim
664 354 843 396 suadent
880 365 966 395 non
993 358 1151 396 tantum
1188 354 1318 396 uerba
1348 355 1436 396 Liui
1467 367 1502 397 c.
1538 352 1614 408 18,
1641 352 1686 407 2,

163 427 240 472 sed
267 429 335 471 rei
365 428 494 483 ipsius
525 427 745 481 condicio,
787 439 881 470 cum
921 440 1000 470 neo
1030 427 1237 483 Philippus
1278 428 1330 471 de
1360 430 1498 471 Attalo
1541 435 1686 472 tacere

162 513 258 554 nec,
287 502 324 544 si
348 503 562 554 tacuisset,
593 502 842 550 Flamininus
873 500 926 543 de
946 502 1288 554 Atheniensibus,
1319 502 1475 555 Clanis,
1511 501 1686 556 Abyde-

163 576 231 618 nis
270 575 552 619 tantummodo
595 576 641 617 in
676 586 882 629 responso
923 574 1085 628 dicere,
1123 575 1175 618 de
1208 576 1346 620 Attalo
1384 577 1488 620 nihil
1527 575 1685 620 addere

163 651 382 705 potuisset.

281 720 357 772 ιζ,
390 720 580 766 16-172
620 723 773 765 XXXII
782 753 798 774 ,
838 720 919 774 40,
958 720 1113 764 8-11.
1168 724 1285 772 Quae
1323 724 1463 765 Liuius
1504 725 1687 766 uertite

168 795 340 854 Polybio
371 809 488 851 „cum
517 797 607 852 ipse
632 797 749 840 uiros
778 796 1049 852 spoliasset“,
1090 798 1286 840 ommissa
1315 802 1415 840 sunt
1453 791 1564 840 inter
1593 798 1684 840 Pol.

166 884 202 915 c.
222 869 275 915 16
304 876 348 914 et
371 869 447 923 17,·
478 884 515 914 c.
540 870 608 925 17,
632 870 651 914 1
679 883 765 914 non
784 876 884 914 sunt
902 872 1063 928 integra
1084 871 1229 926 Polybi
1250 871 1393 924 uerba,
1426 876 1472 914 ut
1492 872 1687 927 equidem

168 949 286 1001 puto,
312 946 389 989 sed
419 946 471 988 ab
500 949 750 999 excerptore
779 946 964 988 breuiter
994 950 1220 988 contracta.
1280 946 1474 988 Fortasse
1502 946 1587 988 Pol.
1614 944 1684 1000 17,

167 1018 197 1060 4
225 1031 313 1062 non
341 1019 509 1073 scripsit
537 1016 677 1068 αἰκίας
706 1016 780 1057 καί
804 1018 915 1070 βίας,
946 1018 1022 1059 sed
1044 1019 1261 1066 κολακείας
1291 1016 1364 1059 καί
1389 1016 1501 1072 βίας,
1531 1025 1578 1061 ut
1596 1020 1684 1063 Liu-

165 1099 192 1149 5
221 1091 270 1137 11
303 1093 470 1148 scripsit
500 1092 862 1147 „blandiendoque
891 1104 942 1134 ac
969 1090 1201 1134 minando“.

281 1163 351 1219 ιη’,
380 1164 458 1208 24;
487 1165 673 1218 XXXIII,
701 1164 774 1218 21,
808 1165 933 1207 1—5.
965 1188 1020 1196 —
1051 1163 1119 1217 ιη’,
1140 1163 1214 1215 24,
1237 1165 1303 1207 ed.
1319 1166 1499 1208 Bekker.
1529 1179 1568 1220 p.
1582 1165 1683 1221 887,

165 1254 205 1284 u.
237 1239 374 1283 4—5:
407 1238 592 1293 XXXIII,
620 1236 665 1292 2,
698 1236 735 1292 1,
767 1250 822 1281 ex
851 1250 934 1294 quo
964 1239 1062 1281 loco
1093 1238 1183 1281 Liui
1212 1239 1374 1288 elucet,
1405 1240 1681 1298 fragmentum

171 1314 318 1369 Polybi
347 1315 497 1356 iustum
524 1313 661 1355 locum
690 1325 776 1354 non
804 1313 873 1354 hic
898 1313 1055 1355 habere
1072 1345 1085 1365 ‚
1134 1313 1211 1356 sed
1257 1318 1352 1356 ante
1389 1317 1527 1358 omnia
1555 1316 1679 1373 frag-

164 1393 301 1433 menta
329 1386 565 1443 ponendum
594 1399 714 1441 esse,
760 1400 868 1442 quae
899 1400 953 1430 ex
982 1387 1067 1432 Pol.
1108 1383 1156 1440 ιη’
1190 1393 1366 1432 restant.
1408 1414 1464 1421 -
1509 1388 1578 1445 ιη’,
1606 1389 1683 1447 24,

163 1464 261 1506 Bek.
292 1477 331 1519 p.
361 1460 464 1516 887,
495 1475 537 1505 u.
559 1460 695 1504 6-9:
726 1462 913 1512 XXXIII,
944 1459 1016 1514 20,
1038 1460 1085 1514 3,
1112 1462 1392 1517 fragmentum
1420 1465 1563 1521 Polybi
1593 1477 1681 1508 non

164 1542 229 1581 est
257 1538 495 1592 ponendum
526 1550 577 1580 eo
608 1537 702 1579 loco
722 1569 733 1589 ‚
764 1549 846 1591 quo
879 1549 991 1578 nunc
1023 1540 1185 1589 exstat,
1225 1538 1301 1579 sed
1332 1542 1428 1580 ante
1458 1539 1522 1592 id,
1567 1539 1679 1594 quod

169 1612 370 1665 XXXIII,
409 1609 491 1662 21,
527 1610 635 1653 1-5
680 1610 937 1665 respondet,
978 1609 1015 1651 h.
1047 1623 1083 1651 e.
1116 1615 1212 1651 ante
1242 1623 1329 1665 cap.
1359 1609 1429 1654 24.
1461 1635 1514 1644 —
1548 1612 1596 1663 κ’,
1630 1612 1681 1656 l:

166 1686 345 1736 XXXV,
377 1686 447 1738 45,
478 1684 506 1728 9
549 1690 591 1727 et
626 1683 697 1737 46,
726 1683 768 1727 2.
810 1709 865 1715 -
909 1680 961 1736 κ’,
991 1682 1041 1726 2:
1082 1684 1256 1737 XXXV,
1286 1684 1357 1738 50,
1388 1686 1427 1729 5.
1462 1709 1509 1717 -
1545 1684 1596 1738 κ’,
1627 1688 1684 1731 3:

163 1759 346 1811 XXXVI,
373 1761 415 1811 5,
450 1757 572 1801 1—8.
637 1759 754 1809 Quae
785 1757 909 1799 habet
938 1757 1080 1799 Liuius
1110 1762 1135 1808 δ
1159 1756 1187 1800 2
1218 1764 1261 1801 et
1290 1757 1316 1801 3
1347 1759 1465 1815 plura
1498 1759 1683 1815 Polybio,

167 1838 236 1875 aut
282 1833 335 1874 de
383 1845 462 1874 suo
513 1832 668 1874 addidit
706 1838 777 1873 aut
820 1834 861 1873 in
892 1833 1033 1885 Polybi
1075 1838 1276 1886 excerpto
1308 1835 1458 1875 omissa
1488 1839 1593 1878 sunt.
1628 1860 1681 1867 -

163 1903 213 1957 κ’,
245 1907 298 1959 7,
325 1906 424 1947 Bek.
455 1918 495 1960 p.
526 1903 626 1957 903,
656 1918 693 1947 u.
721 1903 887 1946 23--31
933 1905 975 1954 (6
1005 1903 1157 1958 3—5):
1202 1906 1395 1958 XXXVI,
1426 1905 1478 1958 6,
1514 1906 1532 1949 1
1569 1912 1611 1949 et
1640 1905 1682 1949 3.

164 1978 238 2034 (κ’,
269 1978 319 2024 8:
349 1980 533 2033 XXXVI,
568 1979 634 2033 11,
668 1977 800 2030 1-2;
845 1979 976 2020 uerba
1017 1980 1162 2034 Polybi
1191 1980 1434 2023 Athenaeus
1479 1982 1547 2024 hic
1595 1982 1684 2025 illic

165 2055 426 2108 immutauit).
459 2080 514 2087 —
546 2052 624 2107 κα’,
653 2053 694 2106 5,
730 2052 839 2096 1-4
869 2050 1049 2103 (B.9l2,
1083 2051 1265 2106 3—11):
1292 2054 1497 2108 XXXVII,
1533 2054 1684 2109 ll,l3.

163 2151 219 2157 —
248 2127 325 2176 κοί,
358 2130 399 2180 7,
434 2126 546 2169 l—2
577 2127 640 2177 (B.
670 2125 770 2179 912,
800 2125 857 2170 29
888 2139 923 2180 q.
952 2129 1031 2176 s.):
1061 2127 1262 2180 XXXVII,
1292 2126 1365 2181 20,
1399 2128 1435 2173 1.

276 2197 357 2252 κβΙ,
386 2200 433 2243 8:
465 2200 688 2253 XXXVIII,
719 2201 761 2253 3,
798 2201 921 2245 1—7.
949 2226 952 2230 >
983 2201 1156 2242 Primam
1185 2205 1339 2243 tantum
1369 2203 1679 2258 paragraphum

162 2287 242 2329 ope
271 2273 398 2315 fontIs
429 2274 605 2316 Romani
635 2288 722 2317 non
753 2279 893 2329 spreta
924 2276 1067 2317 Liuius
1097 2275 1318 2328 scripsisse
1349 2274 1514 2318 uidetur
1523 2290 1537 2327 3
1566 2290 1692 2332 quae·

163 2347 316 2391 deinde
347 2346 544 2389 differunt
574 2348 683 2390 inter
710 2348 871 2390 Liuium
899 2353 940 2390 et
970 2347 1183 2402 Polybium
1200 2379 1212 2400 ,
1243 2352 1314 2390 aut
1339 2348 1484 2392 Liuius
1515 2350 1568 2393 de
1596 2363 1676 2394 suo

160 2420 317 2464 addidit
360 2420 499 2463 studio
546 2426 587 2462 et
636 2421 831 2464 facultate
863 2421 1092 2464 exornandi
1139 2422 1292 2464 ductus
1323 2429 1396 2465 aut
1428 2425 1678 2478 corruptelis

159 2502 259 2539 sunt
303 2496 531 2539 deformata
576 2496 618 2536 in
668 2497 866 2538 alterutro
906 2497 1126 2550 scriptore.
1187 2496 1273 2538 Pol.
1322 2502 1347 2547 s
1378 2496 1406 2540 6
1452 2495 1680 2551 συνῆθῑιαν

158 2581 244 2610 uox
273 2569 481 2625 quomodo
508 2571 564 2611 sit
594 2570 881 2621 emendanda,
913 2566 998 2611 non
1027 2571 1173 2623 liquet,
1205 2571 1256 2612 cf.
1285 2584 1378 2626 pag.
1408 2571 1477 2622 45,
1512 2582 1605 2612 ann.
1641 2569 1680 2614 1.

162 2666 212 2673 -
245 2641 319 2696 κγ’,
355 2645 420 2699 13,
457 2642 566 2690 1-7
597 2643 659 2695 (Β.
692 2641 819 2693 963);
864 2642 1118 2697 XXXVIIII,
1159 2641 1241 2696 34,
1281 2657 1321 2686 u.
1353 2642 1474 2691 idra.
1504 2667 1560 2674 -
1592 2643 1682 2697 κδ’,

158 2716 236 2768 eb,
268 2708 317 2758 fr.
354 2718 401 2760 1:
435 2719 673 2772 XXXVIIII,
704 2717 774 2771 49,
805 2716 857 2768 33
895 2718 1125 2760 secundum
1163 2719 1253 2759 Liui
1299 2722 1563 2772 contextum,
1609 2718 1680 2773 qui
