1853 2860
809 107 1065 151 ...8.-

176 223 318 274 illam,
358 212 439 277 qua
470 225 609 263 utatur
648 222 690 263 in
709 221 886 263 ¹ceteris.
947 221 1091 263 Prodit
1130 227 1262 264 autem
1301 236 1359 265 ex
1392 214 1701 278 comparatione

177 296 324 353 Polybi
354 296 526 349 Liuique
569 307 660 338 cum
701 296 742 336 in
774 294 855 336 illis
900 295 1086 349 partibus
1125 299 1217 337 tum.
1246 296 1302 338 in*
1330 296 1407 340 Ilis-
1434 297 1701 342 inanima—-

181 383 300 425 quam
321 369 559 412 accuratius
579 370 685 411 infra
706 368 1009 421 exhibebimus,
1038 392 1093 404 -w
1114 369 1274 413 Liuium
1294 370 1438 426 Polybi
1452 371 1715 416 historia-fin

174 442 396 486 narrandis
414 443 545 484 rebus
561 443 717 484 Romae
742 445 812 483 aut
837 442 881 486 in
899 441 1248 497 Italiagestisrita
1278 443 1355 494 uti,
1382 448 1444 496 ut,
1474 446 1554 488 etsi
1581 455 1698 497 mo,

173 521 317 560 tamen
345 515 552 558 interdum
582 514 734 568 aliquid
772 519 941 567 narret,
981 514 1094 569 quod
1124 516 1356 570 oppositum
1384 512 1454 558 est
1481 518 1547 570 ei,
1586 517 1702 572 quod

173 589 370 644 Polybius
394 592 552 641 narrat,
589 589 730 642 itaque
756 588 981 631 dissentire
1010 601 1034 631 a
1057 588 1203 644 Polybi
1232 590 1474 634 narratione
1496 601 1596 634 rare
1610 595 1702 634 uun

176 663 337 704 dubitet
365 663 565 706 maiorem
592 661 714 706 fidem
733 663 924 705 tribuens
946 663 1030 705 alii
1050 663 1171 716 fonti,
1199 676 1237 706 e.
1265 676 1308 719 g.
1334 663 1388 706 cf.
1419 659 1500 716 κδ’,
1524 662 1696 716 1-4.·÷⁸)

174 748 267 778 cum
298 735 543 787 xxxvuu,
574 733 770 789 46—48,
800 740 1025 790 praeterea
1052 741 1097 785 ut
1125 736 1319 779 addendo
1349 736 1503 791 aliquid
1531 749 1588 779 ex
1613 737 1700 781 alio

170 809 314 861 fonte,
363 810 475 863 quod
511 821 597 851 non
633 810 758 851 habet
794 810 1017 864 Polybius,
1056 810 1481 862 praetermittendoue
1529 797 1699 864 aliquid,

171 882 285 936 quod
324 882 504 933 babeat,
555 882 664 923 illius
709 881 922 922 historiam
973 882 1199 934 paullulum
1239 883 1458 932 immutet,
1509 883 1697 936 exemplu

169 968 209 998 u.
242 955 378 1007 iufra,
418 977 473 989 --
506 960 629 1009 atque
669 954 734 997 his
779 955 944 1010 quidem
982 956 1088 997 locis
1129 967 1402 1010 quaeeunque
1432 956 1576 998 Liuius
1617 955 1696 999 ba-

168 1030 253 1083 bet,
281 1043 390 1085 quae
420 1041 505 1072 non
536 1034 701 1078 exstent
731 1030 773 1071 in
805 1030 1003 1084 Polybi-o,
1043 1032 1218 1085 sumpsit
1248 1042 1301 1073 ex
1330 1031 1515 1074 fontibus
1544 1031 1697 1073 Roma—

169 1104 236 1147 nis
265 1126 337 1157 —,
367 1108 515 1147 contra
545 1104 588 1146 in
617 1104 746 1145 rebus
776 1103 971 1146 Romanis
1000 1104 1044 1145 in
1072 1094 1251 1146 Graecia
1282 1106 1415 1160 gestis
1442 1105 1601 1147 Liuium
1617 1105 1695 1147 Po-

170 1178 283 1231 beio
315 1179 370 1219 ita
397 1178 470 1229 uti,
500 1182 548 1218 ut
575 1188 789 1230 uunquam
820 1177 985 1229 quidem
1013 1170 1234 1231 quidquam
1266 1183 1433 1230 narret,
1460 1178 1573 1231 quod
1604 1176 1696 1219 dis·-

170 1251 321 1294 sentiat
351 1263 375 1292 a
405 1251 577 1306 Polybio
594 1253 655 1301 ²),
694 1250 825 1305 uolgo
866 1262 972 1293 uero
1003 1255 1076 1293 aut
1119 1256 1235 1292 certe
1265 1262 1468 1305 persaepe
1497 1250 1693 1292 minutias

171 1325 370 1379 quasdam
401 1337 456 1366 ex
485 1325 569 1368 alio
590 1324 719 1369 'sonte
750 1323 902 1366 adiciat
942 1325 992 1366 iis
1020 1325 1178 1377 rebus,
1229 1336 1330 1378 quas
1363 1325 1565 1379 Polybius
1581 1335 1692 1366 nar-

169 1400 292 1450 nuit,
321 1422 377 1429 —
408 1403 535 1452 atque
566 1410 617 1440 ea
647 1409 839 1452 quoque,
887 1410 995 1451 quae
1033 1398 1097 1440 his
1136 1399 1242 1440 locis
1284 1397 1397 1439 addit
1425 1398 1598 1451 Liuius,
1639 1410 1692 1438 ex

168 1473 367 1515 Romanis
381 1474 417 1521 ³)
453 1472 639 1514 fontibus
664 1473 852 1525 sumpsit.
913 1473 1031 1522 Quae
1062 1483 1155 1513 cum
1186 1472 1244 1513 ita
1274 1472 1359 1513 sint
1380 1503 1392 1525 ‚
1431 1472 1571 1514 Liuius
1602 1483 1691 1514 cum

176 1548 220 1589 in
251 1548 382 1590 rebus
411 1546 606 1592 Romanis
633 1558 719 1589 non
748 1548 883 1603 gestis
908 1547 952 1591 in
984 1545 1158 1588 Graecia
1197 1547 1255 1588 ita
1284 1546 1473 1608 fontibus
1500 1545 1696 1592 Romanis

170 1626 325 1674 utatur,
356 1626 401 1664 ut
432 1633 579 1663 eorum
610 1632 690 1674 ope
721 1620 889 1662 adiutus
911 1624 952 1661 et
972 1619 1107 1662 fretus
1136 1632 1283 1662 eorum
1303 1620 1555 1662 auctoritate
1584 1630 1694 1660 non-

170 1707 378 1750 nunquam
409 1693 564 1749 aliquid
594 1699 766 1745 narret,
806 1695 919 1748 quod
968 1694 1228 1736 contradicat
1258 1693 1453 1748 Polybio,
1493 1693 1536 1734 in
1565 1692 1691 1734 rebus

175 1781 280 1811 uero
311 1769 505 1812 Romanis
536 1771 579 1810 in
611 1769 789 1810 Graecia
819 1769 952 1823 gestis
983 1769 1068 1820 ita,
1101 1755 1146 1808 ut
1175 1779 1383 1822 nunquam
1414 1766 1580 1820 quidem
1610 1764 1697 1807 dis—

174 1845 353 1895 sentiat,
401 1844 477 1885 sed
527 1847 572 1884 ut
601 1843 747 1896 Polybi
798 1842 1010 1883 historiam
1056 1854 1105 1883 ea
1138 1845 1293 1883 tantum
1323 1853 1371 1882 re
1401 1840 1538 1893 aliquo
1570 1839 1694 1881 modo

170 1919 382 1969 immutet,
427 1916 542 1971 quod
573 1917 763 1958 minutias
803 1916 1003 1969 quasdam
1034 1916 1181 1957 adiclt:
1235 1913 1568 1961 concludendum
1609 1914 1695 1963 -est,

173 2003 266 2033 eum
295 1992 339 2032 in
367 1992 494 2033 rebus
525 1989 698 2032 Graecis
730 1991 831 2043 ipsis
860 2002 913 2031 ne
943 1990 1054 2031 illam
1082 1990 1248 2043 quidem
1279 1988 1568 2030 auctoritatem
1596 1985 1693 2026 fon-

174 2065 282 2108 libus
323 2065 519 2109 Romanis
550 2064 754 2118 tribuere,
786 2076 893 2119 quae
925 2076 979 2106 ex
1012 2065 1061 2107 iis
1093 2063 1190 2106 addi
1219 2061 1373 2117 aliquid
1403 2060 1543 2104 uerbis
1575 2059 1697 2115 Poly-

288 2238 328 2285 1)
351 2238 555 2284 Vbicunque
578 2237 808 2282 componendi
829 2236 911 2270 mibi
935 2241 1034 2270 erunt
1054 2235 1122 2269 loci
1143 2234 1274 2269 Liuiani
1298 2238 1332 2268 et
1353 2231 1530 2276 Polybiani
1544 2257 1553 2274 ‚
1576 2231 1697 2266 breui-

173 2303 251 2336 tatis
286 2313 390 2336 causa
412 2301 490 2336 illos
513 2309 655 2335 numero
679 2299 756 2334 libri
778 2299 947 2341 Romane,
989 2299 1052 2333 bos
1085 2306 1229 2331 numero
1264 2295 1341 2329 libri
1367 2294 1498 2329 Graece
1533 2302 1697 2337 expresso

153 2365 384 2412 significabo.

283 2429 327 2472 2)
352 2428 568 2461 Paucissimis
593 2427 683 2461 enim
705 2426 770 2460 illis
788 2425 886 2466 Iocis,
912 2424 1035 2469 quibus
1057 2423 1125 2457 hoc
1149 2423 1281 2464 accidit,
1304 2422 1421 2465 uerba,
1449 2431 1536 2467 quae
1561 2420 1695 2454 dissen—

172 2494 269 2537 tiunt,
294 2490 340 2527 ob
364 2490 447 2525 alias
472 2500 592 2525 causas
616 2488 715 2524 ualde
738 2494 898 2535 suspecta
923 2492 1001 2523 sunt
1035 2493 1070 2523 et
1093 2486 1249 2522 facillima
1272 2485 1509 2522 emendatione
1529 2480 1695 2517 dissensio

174 2557 347 2594 remoueri
372 2561 488 2601 potest
513 2560 548 2589 et
570 2554 683 2599 debet,
709 2553 862 2597 exempla
885 2565 917 2587 u.
944 2552 1042 2586 infra.

286 2621 326 2666 3)
350 2629 421 2654 ιιοιι
445 2628 488 2652 ex
512 2616 671 2651 Romanis
696 2621 731 2649 et
754 2615 826 2649 aliis
851 2620 986 2658 praeter
1010 2613 1187 2659 Polybium
1213 2613 1370 2653 Graecis,
1397 2612 1580 2653 propterea
1601 2606 1695 2652 quod

174 2687 309 2727 praeter
330 2682 509 2727 Polybium
532 2681 567 2715 in
590 2680 641 2715 his
667 2678 760 2713 libris
784 2678 933 2713 fontibus
960 2678 1097 2713 Graecis
1122 2687 1261 2720 prorsus
1291 2684 1361 2708 non
1388 2682 1470 2706 usus
1495 2676 1558 2713 est,
1582 2675 1619 2705 ut
1638 2671 1694 2705 in-

175 2746 227 2786 fra
249 2745 557 2784 demonstrabimus.
