1835 2878
778 100 1065 145 -55-

155 217 232 259 sed
262 217 385 258 etiam
417 228 451 258 c.
489 214 554 269 14,
589 214 641 259 10
670 220 765 271 post
792 214 866 265 τὰς
896 215 1093 268 δυνάμεις
1124 215 1390 258 intercidisse
1411 228 1460 258 ea
1486 217 1671 260 locorum

154 284 336 347 nomina,
370 301 476 343 quae
506 291 658 344 scripta
688 288 813 333 babet
832 291 918 333 Liu.
936 290 1005 344 45,
1031 288 1084 332 19
1115 290 1184 342 „in
1214 288 1388 332 hiberna
1418 290 1671 347 Magnesiam

154 362 205 404 ad
246 362 507 406 Maeandrum
548 368 591 407 et
636 363 794 422 Tralles
830 362 1179 418 Ephesumque&
1232 363 1342 416 quod
1386 361 1549 417 quidem
1594 364 1672 406 iam

154 448 206 478 ex
236 434 376 491 Polybi
407 438 546 479 uerbis
576 436 730 479 διεῖλον
758 436 833 487 τὰς
862 436 1058 490 δυνάμεις
1089 439 1190 491 ipsis
1228 437 1347 477 nimis
1368 435 1478 478 nude
1508 438 1668 490 positis,

153 510 289 565 qualia
319 523 430 554 nunc
459 512 651 567 legimus,
683 511 882 555 concludi
905 515 1079 565 poterat.

269 585 346 639 κβ’,
382 587 512 629 1-7;
543 584 746 637 XXXVII,
789 583 972 642 52—‘56.
1036 586 1228 641 Polybius
1269 586 1363 627 fons
1402 587 1593 640 princeps
1628 588 1669 628 in

152 658 394 713 quibusdam
441 663 599 699 tantum
647 659 834 712 partibus
880 663 958 710 est,
1008 663 1054 699 ut
1084 649 1328 712 ‘exspectari
1376 662 1526 713 potuit,
1577 672 1670 702 cum

149 735 375 774 narrentur
408 742 480 773 res
510 731 664 774 Romae
704 736 877 787 gestae3
921 732 1122 786 quaedam
1162 732 1304 774 Liuius
1347 733 1586 774 accuratius
1629 737 1670 774 et

152 804 320 847 uberius
350 795 521 861 Polybio
553 812 721 858 narrat,
761 806 838 848 sed
877 808 917 847 in
948 806 1143 848 Eumenis
1168 819 1209 848 e.
1241 820 1282 861 g.
1321 808 1512 848 oratione
1544 808 1667 861 Poly-

150 880 262 920 bium
303 883 453 933 uertit,
493 881 563 922 alii
593 881 697 922 fonti
734 892 818 923 non
856 885 1137 933 postponens,
1179 881 1380 934 quaedam
1419 882 1668 932 sententiae,

149 964 249 1007 quas
279 964 388 995 nunc
414 954 589 1010 legimus
619 955 659 994 in
691 954 806 995 Liuio
841 965 976 1007 neque
1017 966 1119 995 uero
1153 955 1194 994 in
1228 955 1423 1008 Polybio,
1472 956 1512 995 in
1546 955 1667 996 huius

148 1028 291 1069 uerbis
332 1029 512 1069 omissae
553 1026 763 1069 uidentur.
833 1027 894 1070 Ex
939 1028 1247 1082 comparatione
1287 1039 1372 1069 non
1414 1027 1493 1069 hoc
1532 1028 1666 1070 solum

154 1101 378 1154 lucramur,
411 1105 479 1154 ut,
516 1113 622 1155 quae
661 1100 945 1142 interciderint
977 1101 1059 1142 Pol.
1094 1114 1128 1142 c.
1162 1101 1203 1153 5,
1240 1101 1315 1153 14,
1348 1101 1398 1142 cf.
1431 1101 1665 1157 Schweigh.

151 1175 201 1217 ad
234 1175 272 1216 h.
304 1175 346 1227 1,,
376 1175 683 1231 intellegamus,
716 1176 790 1217 sed
835 1176 954 1217 etiam
985 1181 1032 1217 ut
1061 1176 1148 1217 Liu.
1181 1188 1214 1220 c.
1246 1175 1325 1227 54,
1362 1177 1408 1219 11
1444 1180 1668 1228 corrupte-

154 1248 234 1289 lam
265 1250 407 1290 inesse
437 1250 731 1302 perspiciamus
762 1262 816 1289 ex
846 1250 929 1291 Pol.
962 1249 1002 1300 5,
1041 1249 1112 1301 ¹43
1161 1250 1298 1290 Liuius
1331 1250 1439 1289 enim
1478 1251 1532 1289 ita
1562 1250 1668 1290 scri-

152 1322 288 1375 psisse
318 1322 487 1364 uidetur
507 1333 686 1377 sequens
708 1323 940 1378 Polybium:
971 1335 1087 1376 „nam
1118 1326 1159 1363 et
1182 1322 1388 1387 Lycaonia
1420 1326 1461 1363 et
1491 1321 1665 1377 Phrygia

149 1401 342 1449 utraque,
373 1399 415 1437 et
434 1394 611 1438 Pisidica
636 1398 768 1438 omnis
790 1401 832 1438 et
853 1395 1177 1450 Hellespontica,
1199 1401 1241 1437 et
1261 1396 1600 1438 Chersonnesus“
1618 1399 1662 1448 ¹).

272 1466 348 1522 κβ,
379 1468 422 1523 9,
457 1471 590 1512 1-6:
621 1469 851 1523 xxxvm,
887 1471 928 1523 3,
960 1471 1116 1515 9-11.
1178 1471 1318 1511 Liuius
1359 1455 1529 1524 P‘olybio
1557 1470 1664 1533 ,solo

154 1544 271 1586 fonte
301 1555 397 1585 esse
442 1555 544 1585 usus
574 1545 761 1597 uidetur,
806 1556 899 1586 nam
931 1545 1034 1586 tales
1066 1545 1399 1598 discrepantiae,
1441 1544 1575 1597 qualis
1602 1548 1666 1585 est

150 1614 248 1672 „rag
279 1616 362 1657 τῶν
380 1615 527 1677 ἱἔργων
557 1614 851 1671 παρασκευὰς“
884 1623 927 1660 et
955 1619 1033 1672 „ad
1073 1630 1254 1674 aggeres
1296 1616 1562 1659 excitandos“
1578 1649 1591 1668 ‚
1622 1623 1666 1659 et

146 1692 245 1734 talia
274 1692 367 1733 Liui
391 1691 682 1739 additamenta,
713 1693 835 1747 quale
854 1698 921 1735 est
953 1694 1217 1748 „nauigabile
1238 1692 1431 1744 flumen“,
1463 1705 1547 1734 non
1578 1705 1661 1746 pu-

147 1764 271 1807 tanda
316 1770 412 1807 sunt
441 1767 645 1821 originem
675 1767 833 1808 ducere
879 1780 932 1809 ex
962 1768 1067 1809 alius
1107 1768 1234 1808 fontis
1266 1779 1360 1808 usu.
1396 1789 1448 1796 —
1479 1765 1557 1818 κβ’,
1594 1766 1662 1818 10,

150 1837 281 1881 1-6:
310 1839 533 1891 XXXVIII,
564 1840 606 1892 5,
638 1840 764 1881 2-5.
827 1841 1044 1895 Polybius,
1097 1843 1214 1882 cuius
1257 1841 1387 1881 uerba
1429 1840 1661 1882 accuratius

149 1913 347 1955 habemus
376 1913 419 1954 in
446 1913 511 1954 ed.
543 1913 746 1966 Mueller„
777 1925 881 1968 quae
912 1919 1049 1956 exstat
1087 1915 1128 1955 in
1161 1914 1323 1969 Iosephi
1355 1926 1466 1968 oper.
1498 1926 1582 1955 rec.
1614 1913 1662 1955 G.

148 1987 338 2041 Dindorf,
369 2001 406 2030 u.
440 1989 490 2039 ll,
522 1988 564 2029 in
590 1987 687 2041 fine,
717 2000 754 2041 p.
790 1986 981 2040 16-18,
1018 1988 1132 2031 solus
1174 1989 1268 2030 fons
1312 1989 1443 2029 fuisse
1482 1980 1662 2033 uidetur.

216 2130 219 2131 ⁷
265 2096 307 2140 1)
331 2096 383 2130 Ea
406 2096 496 2131 enim
519 2096 687 2142 Phrygiae
710 2095 896 2138 diuisione,
934 2106 1033 2141 quam
1068 2095 1229 2141 Polybius
1253 2095 1335 2129 facit
1366 2097 1402 2129 in
1432 2095 1516 2129 duas
1550 2102 1662 2139 partes

152 2157 351 2203 „Pisidicam
375 2165 410 2194 et
423 2159 724 2205 Hellesponticam“
753 2178 795 2185 -
821 2160 863 2195 de
887 2158 1034 2207 Phrygia
1060 2159 1247 2204 „Pisidica“
1272 2159 1421 2206 loquitur
1431 2161 1536 2209 *etiam
1553 2159 1662 2195 strab.

144 2222 218 2265 XII,
241 2218 335 2266 8,*13
361 2243 416 2266 —,
440 2223 554 2258 Liuius
579 2234 622 2259 eo
645 2224 752 2267 uenit,
776 2229 814 2259 ut
835 2225 964 2259 diceret
986 2224 1187 2270 „Phrygiam
1206 2224 1424 2269 utramque“;
1448 2223 1540 2268 quod
1564 2228 1661 2266 post-

148 2296 248 2332 quam
271 2286 375 2330 dixit,
409 2297 479 2322 non
501 2288 568 2322 iam
591 2288 749 2323 Pisidiam
777 2288 856 2323 loco
880 2289 962 2323 noui
993 2288 1133 2323 membri
1166 2297 1363 2322 enumerare
1395 2292 1517 2330 potest.
1566 2285 1660 2321 Ordo

146 2351 245 2384 etiam
269 2350 501 2393 enumerandi,
525 2350 631 2395 qualia
655 2352 763 2386 adhuc
785 2357 895 2386 exstat
913 2351 949 2385 in
970 2350 1043 2395 Liui
1066 2350 1199 2391 uerbis,
1223 2354 1319 2393 aptus
1342 2358 1414 2383 non
1437 2355 1510 2394 est,
1536 2349 1662 2395 quippe

148 2424 216 2460 quo
240 2414 383 2458 primum
407 2421 692 2449 commemoretur
713 2415 809 2460 regio
833 2413 953 2458 procul
976 2412 1118 2456 abiecta,
1142 2412 1332 2457 Lycaonia,
1368 2412 1490 2447 deinde
1514 2413 1660 2446 secunda

143 2478 349 2523 propinqua,
376 2476 496 2512 deinde
519 2465 618 2511 tertia
640 2475 791 2521 abiecta,
813 2477 959 2523 denique
983 2482 1105 2522 quarta
1127 2477 1342 2523 propinqua;
1373 2476 1459 2511 haec
1482 2477 1659 2510 inconcin-

144 2526 232 2577 nitas
251 2541 391 2585 tollitur,
415 2541 445 2576 si
467 2541 502 2575 in
526 2542 760 2576 enumerandis
783 2540 965 2586 Lycaonia,
991 2539 1140 2586 Phrygia
1164 2546 1307 2587 utraque
1322 2567 1332 2584 ,
1357 2540 1593 2576 Chersonneso
1617 2539 1660 2573 de

144 2605 250 2651 tribus
274 2612 402 2642 tantum
424 2604 582 2641 membris
606 2605 716 2651 agitur
729 2632 739 2649 ,
764 2616 907 2651 quorum
931 2605 1116 2640 secundum
1141 2611 1194 2641 eat
1216 2605 1406 2650 bipartitum
1422 2630 1431 2647 ,
1456 2611 1659 2649 semperque

149 2669 301 2713 pergitur
326 2661 573 2715 ad'regionem‚
599 2679 685 2713 quae
710 2670 815 2713 magis
842 2675 974 2712 spectet
997 2670 1038 2702 ad
1055 2671 1329 2712 septentrionem.
1362 2668 1398 2700 In
1417 2666 1575 2711 Polybio,
1602 2669 1660 2712 qui

143 2731 240 2767 aliter
262 2732 403 2768 instituit
427 2733 723 2776 enumerationem,
748 2731 803 2768 illa
828 2733 992 2778 pergendi
1015 2734 1102 2768 ratio
1130 2731 1326 2767 adhibeatur
1350 2741 1417 2765 non
1433 2740 1574 2766 necesse
1596 2735 1659 2765 est.
