1835 2878
867 360 935 408 11.

180 459 239 509 lte
267 461 448 526 ratione,
478 472 562 523 qua
590 460 734 509 Liuius
763 460 910 579 norbal
934 458 1252 580 {cotentiasque
1281 458 1429 517 Polybi
1457 457 1632 509 reddere

840 545 891 581 so
911 544 934 580 e

261 640 404 682 Huius>
425 640 680 693 quaestionis
712 640 869 691 cardo,
898 643 943 681 ut
972 639 1093 680 facile
1123 639 1407 694 intellegitur,
1437 639 1480 682 in
1511 641 1661 682 consi-

149 712 345 762 derandis
376 713 667 769 discrepantiis
697 713 872 756 uertitur
888 744 901 766 ,
931 724 1033 767 quas
1055 715 1106 754 in
1135 712 1353 754 reddendo
1380 712 1551 768 Polybio
1582 701 1662 755 ad-

145 788 264 829 mittit
293 788 472 840 Liuius37
502 788 555 830 de
585 789 637 830 iis
668 789 775 829 enim
793 819 805 840 ,
837 800 945 841 quae
974 788 1090 841 paria
1120 791 1218 828 sunt
1257 788 1299 828 in
1329 791 1530 840 utroque,
1560 787 1663 829 nihil

151 860 373 914 dicendum
403 874 499 905 esse
527 863 822 916 unusquisque
843 862 967 904 uidet.

260 936 370 982 Talis
388 940 466 977 -est
495 936 583 978 Liui
614 936 874 979 consuetudo
919 936 960 977 in
995 935 1163 989 Polybio
1209 934 1442 986 uertendo,
1491 937 1536 976 ut
1564 947 1662 986 nec,

149 1010 393 1062 quiomnes
425 1009 741 1063 discrepantias,
773 1021 881 1062 quae
912 995 1076 1050 e‘xstant
1099 1009 1209 1049 inter
1237 1009 1366 1049 uerba
1393 991 1488 1048 Liui‘
1514 1020 1567 1048 ex
1582 1009 1664 1049 Po-

148 1067 262 1135 lybio
292 1081 455 1126 reddita
486 1086 528 1126 et
557 1081 687 1123 uerba
719 1082 863 1136 Polybi
893 1082 998 1135 ipsa,
1028 1082 1286 1124 emendando
1315 1092 1537 1129 remouere
1565 1081 1661 1122 uel-

144 1154 205 1197 let
234 1154 337 1197 nihil
365 1155 552 1197 tribuens
579 1154 670 1196 Liui
700 1154 841 1197 studio
863 1154 1115 1208 immutandi,
1146 1159 1262 1197 recte
1291 1154 1451 1196 faceret
1470 1166 1563 1206 nec,
1595 1155 1664 1208 qui

147 1227 446 1285 discrepantias
475 1229 663 1270 cuiusuis
685 1230 856 1283 generis
877 1240 962 1269 non
981 1229 1247 1269 librariorum
1268 1229 1444 1279 incuria,
1475 1228 1550 1269 sed
1571 1229 1663 1270 Liui

148 1301 326 1344 consilio
357 1305 472 1344 ortas
503 1313 598 1344 esse
624 1301 901 1344 contenderet
929 1313 1182 1356 prorsusque
1209 1300 1259 1344 ab
1290 1300 1551 1345 emendando
1583 1300 1662 1343 ab-

144 1375 334 1426 sunan-et,
364 1375 511 1419 iustius
542 1375 748 1416 iudicaret
757 1389 770 1426 ;
810 1386 1023 1427 speramus
1052 1375 1242 1429 equidem
1273 1387 1350 1425 nos
1381 1375 1526 1426 iniis,
1557 1386 1665 1427 quae

148 1452 361 1501 secuntur,
392 1460 536 1495 omnes
567 1448 657 1490 fere
688 1460 853 1500 causas,
885 1449 937 1490 ob
969 1460 1073 1502 quas
1103 1448 1247 1491 Liuius
1279 1447 1435 1502 aliquid
1464 1447 1535 1490 uel
1563 1459 1662 1490 mu-

143 1525 235 1561 tare
264 1522 307 1561 in
337 1521 509 1562 historia
537 1521 682 1575 Polybi
711 1521 778 1562 uel
809 1533 863 1562 ex
892 1533 943 1570 ea
970 1523 1160 1564 omittere
1190 1518 1652 1564 achaiam-*addere

144 1599 189 1638 et
221 1597 404 1650 potuerit
445 1600 489 1638 et
528 1595 675 1638 solitus
706 1595 783 1648 sit,
833 1595 1033 1638 allaturos
1084 1607 1179 1638 esse
1219 1595 1299 1638 hoc
1337 1608 1465 1638 unum
1496 1594 1662 1650 quidem

150 1681 265 1711 nunc
294 1671 429 1711 statim
458 1670 699 1723 profitentes
729 1670 879 1711 consili
910 1671 1045 1711 nostri
1086 1674 1255 1711 tenaces
1300 1681 1445 1711 omnes
1476 1681 1550 1712 eas
1581 1670 1663 1711 ob-

145 1744 432 1796 seruationes,
462 1756 569 1798 quae
599 1744 782 1786 fortasse
813 1757 867 1785 ex
896 1744 1016 1790 tertia
1062 1742 1220 1785 decade
1251 1744 1340 1785 Liui
1370 1743 1527 1786 hauriri
1555 1755 1664 1797 pos-

146 1819 246 1869 sint,
276 1818 509 1870 praeterire
537 1818 591 1859 ob
622 1829 771 1859 causas
801 1830 941 1871 supra,
971 1830 1064 1872 pag.
1092 1816 1135 1867 3,
1164 1818 1406 1859 nominatas.
1468 1817 1663 1859 Ceterum

147 1902 241 1931 cum
274 1891 316 1931 in
354 1889 469 1931 libris
499 1890 903 1932 XXX1.—XXXXV.
935 1890 1077 1931 Liuius
1108 1902 1192 1931 non
1223 1892 1263 1930 in
1295 1890 1483 1932 omnibus
1512 1892 1563 1932 iis
1593 1891 1662 1932 hi-

147 1964 304 2005 storiae
333 1963 533 2016 partibus,
563 1974 665 2016 quas
696 1973 750 2002 ex
775 1962 947 2015 Polybio
977 1963 1125 2014 refert,
1157 1963 1238 2004 dici
1268 1964 1403 2016 possit
1432 1964 1525 2006 solo
1556 1975 1661 2006 usus

147 2048 244 2080 esse
273 2037 446 2092 Polybio
475 2060 533 2068 —
561 2049 615 2078 ex
644 2048 724 2091 qua
752 2047 802 2077 re
823 2040 1084 2089 sequeretur,
1116 2038 1268 2090 omnia,
1300 2049 1408 2092 quae
1438 2049 1553 2080 nunc
1584 2049 1661 2080 ex-

145 2115 408 2163 ponerentur
455 2123 482 2155 a⁴
516 2110 632 2152 Liuio
672 2110 793 2151 aliter
836 2120 955 2163 quam
987 2123 1010 2152 a
1040 2111 1211 2166 Polybio
1230 2143 1242 2163 ‚
1292 2115 1361 2152 aut
1408 2112 1499 2154 eius
1529 2112 1660 2165 ipsius

146 2182 284 2226 studio
315 2183 549 2226 exornandi
578 2187 619 2225 et
648 2183 871 2238 paullulum
910 2184 1149 2226 immutandi
1187 2188 1258 2226 aut
1295 2184 1557 2227 librariorum
1587 2186 1659 2226 in-

152 2259 265 2300 curia
294 2259 338 2299 in
369 2270 483 2310 eam,
526 2270 646 2312 quam
675 2270 789 2300 nunc
817 2257 1031 2311 uidemus,
1060 2258 1231 2300 formam
1260 2258 1431 2311 redacta
1462 2268 1557 2299 esse
1587 2279 1661 2311 ·—‚

147 2332 284 2374 elucet
333 2332 651 2377 obseruationes
690 2336 732 2373 et
771 2331 964 2385 ¹exempla
1007 2344 1059 2372 ex
1100 2332 1151 2371 iis
1197 2335 1351 2371 tantum
1406 2331 1513 2373 locis
1552 2333 1657 2374 sumi

144 2417 284 2461 posse,
315 2405 464 2459 quibus
493 2408 564 2446 aut
593 2405 749 2446 Liuium
781 2404 950 2460 Polybio
980 2403 1073 2445 solo
1104 2415 1224 2445 usum
1254 2415 1348 2446 esse
1369 2415 1542 2459 prorsus
1563 2417 1657 2447 ma-

145 2480 336 2523 nifestum
362 2479 416 2522 sit
445 2483 516 2520 aut
544 2478 848 2531 discrepantiae
878 2477 981 2531 tales
1012 2480 1203 2530 exstent,
1234 2478 1392 2532 quales,
1423 2479 1501 2520 etsi
1531 2479 1653 2520 etiam

146 2566 202 2596 ex
231 2565 311 2604 usu
338 2551 445 2594 alius
475 2550 603 2592 fontis
633 2541 751 2592 ortae
780 2561 877 2592 esse
905 2550 1084 2603 possint,
1115 2554 1252 2603 tamen
1281 2563 1366 2593 non
1400 2551 1531 2593 minus
1561 2553 1659 2594 ueri

143 2627 334 2671 similiter
363 2625 504 2672 Liuius
531 2623 671 2680 putari
695 2624 831 2679 possit
860 2623 913 2666 de
944 2635 1023 2666 suo
1054 2625 1247 2668 intulisse
1264 2655 1276 2677 ,
1305 2627 1351 2666 ut
1379 2636 1433 2665 ex
1464 2623 1553 2667 eius
1583 2625 1655 2668 in-

147 2699 245 2742 dole
274 2705 410 2756 atque,
428 2699 640 2749 scribendi
667 2699 833 2742 ratione
858 2702 1008 2743 nostro
1048 2700 1139 2743 iure
1177 2700 1277 2742 licet
1305 2698 1524 2755 colligere.
1584 2699 1658 2742 111·
