1853 2860
751 113 1037 159 -28-

131 240 251 280 rum3
279 227 375 272 talis
405 238 509 271 uero
541 237 686 270 norma
710 239 812 270 cum
843 238 922 270 nec
952 227 1006 270 ad
1028 238 1173 272 omnes
1194 226 1328 274 annos
1347 230 1533 287 adaptari
1550 238 1659 286 pes-

136 303 199 355 sit
221 315 316 355 nec,
348 307 395 344 ut
423 313 494 343 res
525 313 574 344 se
603 301 752 352 habet,
792 311 958 356 semper
988 308 1156 345 seruata
1185 304 1267 356 sit,¹
1286 304 1406 348 altius
1424 306 1657 361 ·-inquiren-

131 376 228 419 dum
259 376 339 418 erit
384 376 427 416 in
456 374 571 417 illius
597 376 679 417 'rei
710 374 1017 418 condicionem.
1077 376 1216 431 Atque
1255 377 1377 421 nobis
1400 379 1572 433 quidem
1601 391 1657 421 ex

130 462 180 492 ea
209 450 386 502 ratione,
418 460 501 503 qua
529 449 668 490 Liuius
700 453 846 492 nostra
875 451 1082 493 sententia
1111 450 1154 492 in
1183 454 1271 493 toto
1322 462 1457 506 opere·
1484 453 1651 497 concri-

130 521 269 565 bendo
301 524 452 578 egerit,
485 521 766 577 colligendum
797 523 1095 576 esse'uidetur,
1126 530 1246 577 eum,
1267 529 1463 579 quantum
1483 522 1652 579 quidem

130 596 340 651 pertineat
368 595 420 638 ad
451 596 583 638 libros
614 595 1036 649 XXXI.—XXXXV.,
1068 597 1113 639 in
1142 597 1320 641 historia
1350 598 1655 642 conscribenda

128 669 332 725 progredi
383 670 595 724 paullatim
632 670 866 712 secundum
915 682 1040 712 unum
1086 683 1141 713 ex
1179 672 1362 715 fontibus
1404 672 1597 715 Romanis
1611 672 1653 729 ¹)

129 745 308 800 eiusque
340 744 528 788 ordinem
557 744 648 787 fere
680 745 801 799 sequi
830 745 996 788 solitum
1025 757 1145 797 esse3
1196 746 1309 800 quod
1358 747 1438 789 etsi
1479 747 1654 790 nonita

131 823 331 861 accurate
362 811 516 860 fecisse
547 817 756 871 putandus
788 823 884 868 est,
914 823 959 859 ut
987 830 1045 859 ne
1071 829 1250 872 unquam
1290 818 1455 872 quidem
1480 820 1531 861 ab
1562 821 1655 862 eius

131 892 282 934 ordine
310 891 562 938 recesserit,
589 895 724 932 tamen
765 891 808 931 in
838 891 1079 933 uniuersum
1117 892 1176 932 ita
1205 891 1295 946 egit
1323 896 1386 943 et,
1414 884 1655 947 ubicunque

134 953 308 1020 primum
338 959 392 1006 in'
412 964 485 1006 illo
516 963 634 1006 fonte
660 976 731 1006 res
763 963 948 1006 Graecae
978 966 1094 1020 tangi
1139 970 1314 1019 coeptae
1357 969 1499 1018 erant,
1538 966 1655 1008 illum

127 1039 302 1092 reliquit
332 1042 373 1080 et
402 1042 533 1080 totum
563 1049 611 1079 se
641 1038 770 1079 uertit
799 1038 851 1079 ad
883 1038 1124 1092 Polybium,
1164 1038 1375 1081 rediturus
1416 1039 1469 1081 ad
1498 1039 1654 1081 fontem

128 1112 360 1155 Romanum
401 1123 541 1165 eoque
566 1113 725 1156 'iterum
763 1123 913 1152 usurus
956 1112 1049 1163 filo,
1080 1116 1296 1165 postquam
1314 1142 1326 1164 ‚
1371 1124 1477 1165 quae
1504 1113 1653 1164 uoluit,

130 1199 185 1229 ex
214 1186 384 1241 Polybio
431 1185 592 1239 ceperit
604 1188 656 1235 ²).
718 1186 807 1235 Qua
845 1196 896 1226 re
927 1196 1018 1226 cum
1048 1185 1092 1226 in
1118 1185 1361 1227 uniuersum
1390 1185 1511 1228 locus
1540 1190 1654 1229 esset

129 1264 299 1312 certus,
330 1271 455 1313 quem
484 1271 654 1313 quoque
684 1270 795 1300 anno
827 1259 1065 1300 obtinerent
1092 1269 1162 1300 res
1194 1257 1406 1311 Graecae,
1437 1259 1541 1301 alias
1572 1259 1653 1300 de-

128 1333 227 1376 inde
256 1334 348 1376 illas
378 1345 465 1387 res,
497 1345 601 1387 quas
630 1345 685 1375 ex
712 1333 881 1388 Polybio
911 1337 1130 1386 praeterea
1169 1332 1385 1385 sumebat,
1403 1333 1453 1374 ὀ.
1484 1346 1525 1388 ς’.
1557 1331 1653 1375 An-

129 1407 284 1460 tiochi,
316 1407 541 1449 Ptolemaei
570 1417 641 1447 res
673 1405 793 1460 (quas
824 1417 1000 1458 prorsus
1041 1416 1127 1446 non
1158 1410 1530 1447 commemorarunt
1557 1405 1653 1447 fon-

128 1486 195 1523 tes
224 1480 430 1534 Romani),
463 1482 515 1522 iis
541 1480 667 1531 lociS,
699 1481 771 1533 qui
801 1480 881 1521 sibi
911 1478 1110 1533 aptissimi
1141 1478 1400 1532 uiderentur,
1428 1479 1582 1521 adiecit
1611 1484 1654 1520 et

130 1554 261 1610 uolgo
293 1553 456 1607 quidem
487 1557 586 1607 post
615 1563 686 1594 res
716 1551 900 1594 Graecas
931 1555 1003 1594 aut
1039 1551 1083 1593 in
1123 1551 1205 1593 fine
1235 1551 1356 1605 anni,
1387 1551 1655 1607 quemadmo-

129 1628 228 1671 dum
258 1628 421 1671 fecerat
451 1627 661 1683 Polybius.

237 1746 274 1792 1)
298 1746 408 1782 Aliter
421 1747 664 1789 Lachmannus,
689 1746 713 1782 l.
736 1758 767 1781 a.
791 1746 831 1789 11,
858 1746 945 1789 108,
970 1743 993 1792 S
1017 1746 1087 1790 32,
1113 1750 1148 1781 et
1160 1739 1370 1788 Niebuhrius,
1386 1744 1498 1780 Vortr.
1516 1744 1570 1781 be.
1584 1756 1654 1782 von

132 1809 289 1852 schmitz,
312 1809 339 1857 J,
362 1810 419 1852 83,
444 1810 503 1855 qui
531 1810 667 1854 quidem
690 1809 787 1843 Liuio
811 1809 909 1843 nimis
933 1808 1089 1852 ualidam,
1114 1808 1149 1842 ni
1173 1808 1282 1851 fallor,
1306 1808 1503 1842 memoriam
1526 1808 1655 1844 tribuit.

222 1872 263 1918 2)
288 1872 389 1915 Quod
413 1872 644 1907 Lacbmannus
668 1872 689 1908 1.
713 1873 735 1909 Ι.
760 1873 800 1916 Π,
826 1883 860 1917 p.
884 1873 906 1907 8
928 1873 1020 1917 dicit,
1045 1883 1121 1908 eum
1142 1871 1285 1918 Polybio
1310 1872 1407 1918 quasi
1428 1871 1485 1907 filo
1508 1872 1654 1919 quodam

129 1947 228 1970 usum
251 1946 339 1979 esse,
363 1936 432 1970 boc
455 1937 491 1970 in
515 1936 708 1970 uniuersum
731 1936 871 1980 probari
894 1947 964 1970 non
982 1931 1120 1981 potest;'
1136 1947 1214 1972 nam
1234 1936 1264 1970 si
1286 1935 1343 1969 filo
1367 1945 1450 1969 usus
1475 1941 1569 1969 esset
1581 1935 1653 1970 Po-

130 1998 236 2043 lybio,
260 2009 400 2042 prorsus
423 2009 495 2033 non
517 1998 783 2044 intellegeretur,
808 2010 876 2044 quo
890 1999 992 2033 modo
1016 1999 1142 2034 factum
1167 2004 1269 2041 esset,
1293 2003 1331 2032 ut
1354 1998 1389 2031 in
1412 1997 1515 2032 rebus
1538 1998 1653 2032 cuius-

132 2072 200 2107 que
238 2062 316 2097 anni
354 2062 572 2108 disponendis
615 2063 781 2098 rationem
812 2068 1012 2108 sequeretur
1053 2069 1122 2097 tam
1155 2051 1367 2109 inaequalem
1397 2065 1432 2095 et
1465 2070 1485 2095 a
1508 2058 1652 2106 Polybio

129 2125 284 2161 alienam.
