1835 2878
709 110 1029 154 7-5-

99 208 110 221 ’
151 224 650 282 ‹trigeri-auetoritatibus
681 225 915 281 „Polybium
946 227 1135 280 sequitur
1166 239 1251 268 non
1282 227 1487 269 incertum
1520 233 1667 270 aucto-

148 290 361 342 remcum
389 299 567 341 omnium
592 298 865 341 Romanarum
894 312 1035 341 rerum
1052 304 1148 356 ,tum
1178 300 1402 354 praecipue
1429 301 1472 341 in
1493 299 1667 342 Graecia

148 371 408 428 gestarum&
448 369 632 427 praefert
660 374 787 429 igitur
811 361 1023 416 'hocloco
1055 374 1270 429 Polybium
1300 372 1483 416 fontibus
1512 373 1666 417 Roma-

92 443 112 490 ,”
147 448 213 489 uis
243 448 287 489 in
330 448 540 490 narranda
590 460 639 489 re
684 448 793 489 inter
840 447 1047 500 Romanos
1087 453 1128 489 et
1167 446 1417 490 Macedones
1459 452 1581 503 ‘gesta
1623 448 1667 490 in

147 520 335 564 Graecia.
393 518 598 575 xxxml,
628 519 711 571 50,
750 522 822 563 ubi
852 522 991 578 agitur
1020 520 1071 562 de
1100 522 1260 564 ciuibus
1289 520 1511 572 Romanis,
1555 533 1661 574 quos

147 595 323 646 Achaei,
354 606 446 637 cum
473 595 571 636 olim
600 596 653 636 ab
682 595 914 637 Hannibale
953 595 1176 646 emissent,
1220 607 1331 637 nunc
1360 596 1558 645 Quinctio
1588 607 1663 637 re-

148 664 401 719 stituerunt,
451 667 579 710 uerba
608 668 748 722 „quod
778 668 974 723 Polybius
1005 669 1154 711 scribit
1184 673 1347 711 centum
1375 669 1547 721 talentis
1572 680 1664 711 eam

144 748 236 783 rem
260 735 441 783 Ac'liaeis
470 739 677 785 stetisse&
695 742 934 798 argumenti
968 743 1049 783 uim
1080 742 1256 791 babent,
1289 753 1370 795 qua
1401 754 1453 783 ex
1482 743 1530 784 re
1559 753 1663 796 pro-

146 813 206 855 dit
233 815 351 856 Liuio
381 815 525 870 Polybi
569 817 859 858 auctoritatem
900 817 1030 857 uis-am
1077 827 1172 857 esse
1213 815 1460 857 dubitationi
1488 826 1662 869 prorsus

145 900 229 931 uon
258 889 496 931 subiectam.
557 889 740 941 XXXVI,
777 887 828 931 19
859 888 971 941 dicit,
1001 900 1048 930 se
1079 901 1293 931 numerum
1324 890 1539 930 exercitus
1567 890 1662 931 An-

117 1019 121 1021 *
145 963 274 1004 tiochi
303 987 357 993 —
386 974 506 1015 quem
536 963 707 1014 XXXV,
735 962 790 1004 43
822 964 1012 1004 attulerat
1044 986 1097 992 —-
1128 965 1353 1016 sumpsisse
1395 976 1448 1004 ex
1488 964 1659 1019 Polybio

149 1038 312 1077 numeri
343 1036 553 1077 Valeriani
582 1036 745 1077 ratione
776 1046 860 1076 non
885 1036 1041 1085 habita3
1074 1035 1315 1087 XXXVIIII,
1337 1033 1408 1087 52,
1436 1036 1506 1076 ubi
1527 1033 1661 1090 agitur

148 1108 202 1151 de
231 1109 616 1163 Scipionis‘morte,
665 1113 707 1149 et
737 1108 951 1162 Polybium
983 1113 1024 1149 et
1054 1108 1159 1149 alios
1191 1108 1329 1150 fontes
1366 1107 1552 1150 refutare
1581 1120 1660 1151 co-

146 1187 269 1224 natur
299 1194 374 1223 sua
403 1182 534 1235 ipsius
565 1182 886 1223 ratiocinatione
905 1182 1051 1227 ,fretus
1070 1212 1081 1232 ,
1122 1184 1176 1222 ita
1208 1187 1252 1223 ut
1281 1182 1348 1222 hic
1372 1182 1491 1223 locus
1522 1184 1565 1223 in
1592 1181 1667 1232 di·-

141 1254 363 1297 iudicanda
394 1254 656 1305 condicione,
687 1267 793 1307 quae
822 1255 1054 1295 intercedat
1095 1256 1203 1295 inter
1234 1255 1524 1308 Polybiumet
1552 1255 1657 1297 alios

142 1329 233 1371 Liui
263 1328 428 1378 sontes,
477 1328 631 1369 nullius
668 1327 760 1369 fere
794 1329 989 1369 momenti
1029 1340 1123 1369 esse
1170 1328 1325 1382 possit;
1357 1327 1570 1380 XXXXV,
1599 1327 1657 1370 44

142 1403 339 1457 denique,
369 1404 440 1444 ubi
467 1400 611 1444 scribit
641 1401 692 1443 de
723 1403 865 1444 Prusia
894 1415 1012 1458 rege,
1044 1402 1323 1455 scriptoribus
1354 1401 1545 1444 Romanis
1575 1413 1657 1456 op-

146 1477 263 1530 ponit
292 1477 502 1531 Polybium
533 1488 612 1517 nec
656 1476 766 1517 hunc
796 1488 875 1517 nec
905 1477 1000 1517 illos
1029 1475 1206 1517 laudans
1225 1506 1238 1528 ,
1281 1476 1358 1517 sed
1404 1480 1562 1528 tamen,
1612 1480 1657 1517 ut

149 1551 333 1602 uidetur,
363 1551 501 1603 paullo
532 1551 626 1603 plus
657 1550 751 1591 fidei
783 1550 865 1591 illis
897 1550 1065 1592 habens.

256 1623 323 1665 Ad
357 1635 464 1677 quos
494 1623 612 1665 locos
634 1624 669 1664 si
695 1624 957 1677 respicimus,
989 1623 1090 1665 nihil
1113 1636 1166 1665 ex
1188 1625 1237 1665 iis
1258 1635 1334 1677 pro
1363 1627 1507 1665 nostra
1527 1635 1657 1677 quae-

148 1698 283 1740 stione
310 1697 563 1738 concludere
595 1708 810 1750 possumus
829 1726 841 1748 ,
872 1698 955 1738 nisi
985 1697 1148 1738 Liuium
1181 1697 1350 1751 Polybio
1383 1696 1546 1739 duobus
1575 1696 1656 1738 illis

140 1772 260 1822 locis,
291 1772 438 1824 quibus
470 1775 617 1825 agatur
647 1770 700 1811 de
731 1784 778 1811 re
809 1771 962 1812 Romae
991 1777 1137 1826 gesta,
1169 1783 1253 1812 non
1285 1771 1480 1812 tribuisse
1509 1783 1652 1824 parem

142 1843 264 1885 fidem
304 1848 428 1896 atque
472 1844 597 1895 alias,
642 1844 803 1885 scilicet
833 1857 923 1887 eum
954 1846 995 1885 in
1025 1845 1116 1886 aliis
1148 1845 1274 1886 rebus
1305 1843 1515 1897 Polybium
1543 1844 1655 1885 scri-

139 1916 327 1971 ptoribus
346 1918 539 1970 Romanis
572 1920 878 1971 anteposuisse,
910 1921 952 1958 in·
981 1920 1149 1960 Prusiae
1180 1931 1283 1960 uero
1310 1919 1466 1960 Romae
1496 1919 1656 1959 uersati

137 1992 315 2034 historia
345 2004 484 2046 parem
514 1991 603 2033 fere
634 1992 821 2045 utrisque
849 1992 1138 2034 auctoritatem
1170 1993 1384 2044 tribuisse,
1415 1992 1459 2032 in
1487 1991 1653 2046 Scipio-

141 2066 209 2107 nis
249 2066 429 2120 denique
469 2071 602 2108 morte
646 2066 881 2122 indaganda
920 2078 999 2107 nec
1045 2066 1237 2120 Polybio
1264 2078 1402 2120 neque
1438 2066 1653 2107 annalibus

135 2138 333 2180 Romanis
361 2139 594 2181 credidisse
624 2145 745 2181 suum
778 2142 908 2193 ipsius
941 2139 1136 2181 iudicium
1168 2143 1424 2193 sequentem.

257 2213 372 2261 Quae
404 2226 498 2254 cum
530 2214 871 2266 intellexerimus,
904 2215 1094 2256 condicio
1115 2245 1125 2265 ,
1157 2226 1262 2267 quae
1293 2213 1515 2254 intercedit
1543 2213 1653 2252 inter

136 2286 344 2343 Polybium
375 2292 418 2328 et
448 2292 613 2331 ceteros
644 2289 783 2331 sontes
815 2289 918 2340 Liui,
950 2290 1051 2331 satis
1095 2287 1256 2342 quidem
1287 2286 1502 2339 manifesta
1529 2286 1650 2328 nobis

133 2372 310 2416 prorsus
340 2361 521 2403 nondum
553 2368 642 2414 est,
692 2362 766 2403 sed
815 2367 950 2404 tamen
994 2362 1299 2402 fundamentum
1331 2372 1385 2401 ex
1427 2361 1529 2414 ipsis
1559 2360 1651 2401 Liui

136 2435 472 2488 uerbis'petitum
503 2435 624 2477 nobis
657 2436 795 2477 datum
824 2441 902 2486 est,
935 2437 999 2476 cui
1029 2435 1148 2475 inniti
1179 2435 1311 2487 possit
1330 2438 1417 2475 tota
1448 2425 1649 2486 quaestio.

134 2509 256 2551 Adici
286 2518 401 2550 nuuc
425 2514 595 2561 possent
623 2510 724 2561 illis,
756 2521 858 2562 quos
890 2508 1275 2559 considerauimus‚
1320 2508 1426 2549 locis
1466 2507 1649 2547 Liuianis

132 2582 177 2636 ii,
208 2582 362 2638 quibus
393 2581 536 2637 Polybi
567 2594 718 2623 nomen
760 2583 892 2635 ipsum
932 2595 954 2624 a
985 2582 1105 2624 Liuio
1151 2593 1236 2623 non
1285 2579 1648 2633 estappellatum,

132 2656 208 2697 sed
234 2658 379 2712 quibus
401 2657 612 2712 Polybium
642 2657 685 2699 in
716 2668 888 2701 numero
920 2655 1064 2700 eorum
1096 2662 1314 2698 auctorum
1344 2665 1452 2706 esse,
1482 2651 1534 2695 de
1555 2654 1648 2707 qui-

131 2728 207 2771 bus
235 2731 375 2775 Liuius
403 2731 594 2787 generali
625 2742 732 2773 uoce
763 2730 916 2773 multos
946 2731 1227 2784 complectens
1266 2725 1445 2780 iudicet,
1490 2727 1646 2769 uerisi-
