1853 2860
727 85 1036 129 ....2-

155 211 256 242 cere
288 199 489 252 studuit¹)
522 222 598 250 —-,
639 203 802 241 exstant
832 199 946 240 duae
970 204 1112 253 partes
1145 211 1287 241 earum
1319 193 1597 252 historiarum,
1629 203 1671 243 iu

153 275 303 329 quibus
349 273 665 316 conscribendis
707 273 917 326 Polybium
948 274 1058 315 inter
1090 273 1229 315 fontes
1260 274 1428 325 habuit,
1474 280 1516 318 et
1551 269 1671 332 ‘prior

151 348 317 432 quidem
348 347 475 389 decas
502 347 622 388 tertia
638 349 686 397 ²),
702 346 849 398 altera
876 346 975 391 libri
1004 346 1151 398 XXXI.
1158 345 1446 401 -XXXXV.‚
1478 336 1673 392 diuersae

1534 471 1606 488 .....

150 640 282 695 lybius
314 651 337 679 a
367 600 484 679 Liuio
514 640 570 680 sit
600 639 831 691 adhibitus,
882 644 952 692 aut
979 640 1090 683 illam
1136 646 1293 693 partem
1323 647 1394 683 aut
1423 642 1531 683 hanc
1559 644 1672 696 prius

153 712 411 766 perscrutari
443 712 599 754 debere
631 712 811 776 uidetur,
839 718 1073 767 propterea
1080 713 1194 767 quod
1226 724 1311 756 non
1338 715 1553 777 prodet}
1560 716 1672 759 utri-

145 797 281 841 usque
312 786 432 828 simul
462 787 666 828 rationem
698 784 865 828 habere.
915 787 1055 840 Atque
1087 788 1124 827 ei
1157 781 1337 843 quidem,
1369 788 1448 840 qui
1468 778 1521 831 (Ιέ
1549 788 1680 852 tertia.

146 858 304 912 decade
332 861 447 914 prius
478 862 656 913 quaerit,
689 861 859 901 multum
889 860 1092 913 prodesse
1119 856 1257 913 putari
1273 865 1425 914 potest,
1456 847 1570 921 quod
1597 848 1686 919 iia-J

144 935 242 976 beat
268 946 346 988 pro
377 946 527 989 magna
559 938 677 988 parte
708 935 936 989 integrum,
969 946 1107 987 quem
1122 943 1376 988 comparare
1388 935 1531 988 possit,
1562 923 1683 979 con-v

148 1012 307 1050 textum
338 1009 483 1062 Polybi
516 1008 685 1058 (librum
708 1008 800 1060 ΙΙΙ.)
832 1008 885 1049 ob
918 1017 1090 1061 eamque
1117 1020 1206 1050 rem
1224 1009 1353 1062 ipsius
1382 1011 1570 1063 quaestio
1599 1008 1672 1052 fir-

144 1081 277 1123 miore
306 1080 572 1123 fundameuto
603 1081 772 1130 nitatur,
804 1082 844 1122 ei
871 1093 992 1132 uero,
1025 1083 1096 1134 qui
1127 1082 1291 1124 initium
1312 1083 1438 1125 faciat
1468 1082 1518 1125 ab
1542 1082 1673 1129 altera
1735 1086 1739 1088 ’

149 1159 291 1209 parte,
335 1154 487 1195 obesse
534 1154 670 1207 putari
700 1158 869 1207 potest,
908 1153 1019 1206 quod
1063 1154 1355 1207 inquirendum
1385 1155 1440 1196 sit
1467 1157 1510 1197 in
1540 1151 1673 1202 libros

146 1223 293 1283 Polybi
323 1228 534 1270 mutilatus
555 1228 694 1281 itaque
715 1227 972 1281 operandum
992 1227 1265 1270 instrumento
1288 1241 1456 1270 manco:
1488 1225 1544 1271 ita
1574 1230 1668 1286 qui-

147 1302 241 1343 dem
290 1302 471 1354 putabit,
518 1300 755 1355 quicunque
800 1301 1025 1355 perlegens
1072 1301 1159 1343 Liui
1196 1301 1325 1344 libros
1356 1291 1668 1358 xxi-‘xxm

146 1375 291 1430 Polybi
332 1375 482 1417 librum
513 1374 579 1417 Ill.
621 1375 663 1416 in
693 1375 1043 1428 comparationem
1091 1372 1268 1417 uocabit.
1332 1377 1525 1434 Quisquis
1566 1390 1670 1421 uero

145 1449 248 1492 satis
280 1447 545 1491 considerata
585 1448 655 1495 illa
700 1449 972 1502 quaestione,
1015 1460 1124 1502 quae
1175 1454 1241 1490 est
1278 1450 1332 1490 de
1361 1434 1488 1492 initio*
1512 1448 1673 1497 Liuiani

146 1534 246 1566 usus
276 1523 546 1566 historiarum
577 1520 929 1577 PonManarum,
980 1520 1232 1566 intellexerit
1263 1530 1405 1566 ueram
1436 1536 1532 1568 esse
1561 1522 1671 1569 illam

147 1598 411 1649 sententiam,
442 1608 564 1650 quam
594 1601 907 1649 proposuerunt
922 1597 954 1649 3)
985 1597 1255 1648 Niebubrius,
1282 1597 1418 1639 Vortr.
1437 1593 1543 1640 iiber
1562 1595 1666 1640 ιόιιι.

146 1667 318 1724 Gesch.,
362 1670 449 1713 her
480 1684 519 1711 v.
553 1670 672 1722 Isler‚
712 1667 746 1722 Ι,
776 1683 816 1724 p
850 1668 905 1711 49
947 1668 1079 1720 (Rom.
1122 1667 1269 1711 Gesch.
1303 1670 1409 1712 nach
1445 1665 1668 1728 Niebuhr’s

145 1743 300 1796 Vortr„
330 1744 470 1786 bearb.
500 1758 535 1785 v.
569 1743 764 1796 Schmitz,
795 1745 861 1785 ub
896 1758 930 1786 v.
962 1744 1095 1796 Zeiss,
1126 1744 1157 1794 1,
1190 1757 1225 1798 p.
1256 1737 1332 1796 81)
1361 1749 1401 1785 et
1427 1738 1681 1802 Schwe'gler

146 1828 235 1870 rus,
265 1817 378 1860 Rom.
411 1815 559 1859 Gesch.
593 1818 624 1869 Ι,
655 1829 708 1871 p.
729 1815 825 1868 110,
858 1818 1098 1870 quibuscum
1131 1818 1395 1860 consentiunt
1415 1812 1669 1871 Nitzschlus‚

265 1955 301 1998 1)
324 1953 453 1995 Quibus
492 1955 695 1997 argumentis
723 1952 828 1986 Lucas
854 1955 1055 1986 sententiam
1080 1964 1176 1986 suam
1190 1953 1345 1995 probare
1380 1953 1460 1987 uelit
1484 1946 1669 1999 passuque,

146 2027 216 2052 non
240 2015 473 2061 intellegimus,
503 2017 654 2061 quamuis
679 2016 767 2049 inter
792 2015 971 2060 legendum
996 2015 1278 2059 quaestum-imus,
1308 2024 1386 2048 num
1401 2025 1467 2060 qua
1491 2017 1561 2059 peti
1583 2024 1669 2060 pos-

145 2081 212 2115 sint
237 2091 281 2115 ex
305 2080 399 2116 Liuio
424 2080 512 2115 illius
536 2081 724 2114 sententiae
748 2085 955 2124 argumenta.
1004 2078 1174 2112 Michaelis
1198 2079 1377 2121 sententia,
1402 2087 1477 2114 eum
1501 2080 1557 2114 hie
1570 2080 1670 2117 nebu

145 2143 190 2177 sit
209 2142 346 2187 longum
369 2143 519 2177 refutare
542 2143 755 2186 singulatim,
788 2142 851 2175 alia
878 2142 1063 2175 occasione
1097 2141 1175 2174 data
1198 2141 1345 2175 fortasse
1380 2140 1531 2185 pluribus
1555 2143 1672 2178 uerbis

145 2203 366 2249 refutabitur,
392 2211 554 2249 ceterum,
579 2211 616 2240 ut
639 2205 708 2240 hoc
732 2205 843 2239 statim
867 2213 1075 2247 moneamus,
1100 2208 1218 2238 contra
1242 2204 1314 2243 eius
1338 2205 1671 2257 sententiam,quen1

144 2268 282 2304 infirmis
306 2271 509 2316 argumentis
533 2271 595 2305 niti
618 2270 849 2315 unusquisque
873 2268 1047 2313 perspicit,
1070 2267 1220 2313 loquitur
1245 2274 1280 2302 et
1304 2268 1375 2303 Liui
1399 2270 1503 2305 dictio
1526 2271 1561 2303 in
1566 2259 1669 2304 nlius

148 2331 284 2367 decadis
308 2332 401 2368 libris
426 2340 461 2369 et
479 2327 548 2368 loci
571 2332 677 2376 XXX,
703 2333 760 2375 45,
777 2333 796 2367 5
823 2337 857 2366 et
874 2323 1025 2373 XXXIII,
1053 2331 1108 2374 10,
1125 2331 1171 2365 10
1194 2341 1257 2375 per
1276 2342 1314 2366 se
1339 2333 1562 2368 considerati:
1587 2342 1670 2377 quas

149 2394 238 2430 enim
261 2395 344 2430 alias
369 2407 446 2439 „res
458 2397 646 2431 Romanus⁴⁴
679 2396 856 2441 oppositas
884 2394 1006 2438 „rebus
1031 2395 1065 2428 in
1080 2394 1221 2429 Graecia
1245 2396 1370 2440 gestis“
1395 2385 1671 2436 ιιάἱιεΧΧΧΠῘ,

150 2457 207 2500 10,
234 2456 285 2492 10
304 2458 511 2493 intellexisse
534 2459 700 2502 putandus
725 2464 786 2501 est,
810 2458 875 2492 nisi
906 2457 1030 2492 bellum
1055 2456 1310 2492 Hannibalieum
1335 2460 1443 2502 (iuxta
1467 2458 1549 2492 alias
1569 2454 1680 2500 russ-

151 2519 316 2565 'luemus
340 2521 387 2557 de
405 2520 555 2566 plurimis
580 2521 652 2557 aliis
668 2521 783 2566 rebus,
804 2531 892 2569 quae
905 2520 1003 2557 nich.
1019 2521 1207 2557 sententiae
1222 2521 1368 2565 obstant,
1390 2525 1528 2556 nonu-ae
1546 2518 1672 2556 tamt

261 2585 308 2629 2)
324 2584 411 2620 Num
432 2589 515 2626 tota,
539 2585 583 2618 de
605 2585 670 2618 hae
692 2595 731 2618 re
755 2584 822 2617 alio
844 2584 923 2617 loco
949 2585 1129 2619 uidendum
1153 2591 1215 2619 est.
1509 2599 1512 2601 Α

265 2645 306 2691 3)
327 2647 404 2682 Etsi
440 2646 591 2682 nondum
616 2646 759 2691 probata
795 2652 847 2681 est
871 2648 1075 2692 argumentis
1107 2646 1214 2681 allatis
1238 2645 1406 2714 sententia
1429 2643 1483 2679 illa
1505 2654 1570 2681 nec
1590 2646 1670 2682 satis

154 2713 313 2743 accurate
334 2710 478 2754 definita,
502 2717 615 2746 tamen
639 2720 683 2746 ne
708 2709 842 2746 dubites
866 2719 983 2745 ueram
1007 2710 1139 2754 putare.
