1835 2878
754 59 1040 102 „50-

153 172 326 223 dicitur,
358 171 500 226 Polybi
528 170 804 227 fragmentum
836 176 931 215 ante
962 173 1003 214 id
1034 174 1270 227 ponendum
1301 179 1390 228 est,
1419 174 1533 230 quod
1557 187 1672 218 nanc

140 259 176 287 c.
209 244 237 288 6
267 247 308 287 in
341 244 592 305 editionibus
639 249 892 289 numeratur.
936 268 991 275 ——
1024 241 1126 296 (κδ’,
1153 244 1226 299 81⁸,
1255 246 1307 288 fr.
1338 246 1394 289 2:
1430 249 1670 302 XXXVIIII,

139 322 211 372 52,
246 322 292 370 7)
311 322 356 371 ¹).
389 344 444 352 -—
476 318 558 367 κδ’,
586 319 631 370 9,
667 317 796 365 1-4;
844 319 1090 373 XXXVIIII,
1119 319 1191 373 52,
1223 321 1264 373 ’1,
1297 320 1338 366 9.
1401 322 1545 367 Liuius
1588 335 1669 366 ue-

137 395 355 446 hementer
386 395 609 446 contraxit,
638 394 890 436 breuissime
920 392 1128 444 reddidit;
1166 394 1294 437 totius
1325 408 1530 441 excursus
1559 408 1665 440 cau-

141 475 228 506 sam
255 477 309 507 ex
339 464 514 519 Polybio
546 463 705 516 petiuit.

274 533 349 585 nd,
386 538 451 589 10,
489 538 506 581 1
551 540 593 577 et
631 534 707 589 κς’,
743 538 817 591 10,
847 536 1011 582 2--16ε
1052 536 1247 591 XXXXI,
1276 538 1347 584 20.
1404 538 1546 582 Liuius
1595 539 1663 583 hic

140 611 276 652 omnia
330 623 405 653 sua
449 611 621 664 sumpsit
651 622 704 652 ex
735 610 938 665 Polybio,
986 611 1105 654 cuius
1151 612 1283 654 uerba
1311 611 1551 656 Athenaeus
1581 625 1667 662 non

140 689 339 727 accurate
371 682 574 736 tradidit,
625 683 701 725 sed
732 685 969 738 excerpsit,
1018 689 1064 726 ut
1103 684 1283 742 uidetur.
1313 708 1371 717 —
1397 686 1469 739 κζ’,
1501 688 1666 731 7a-7b

139 756 316 814 (Bek.):
348 758 555 809 XXXXII,
587 755 659 809 63,
695 755 830 808 1-2,·
862 770 915 799 ex
936 757 1066 808 LIuio,
1099 758 1170 811 qui
1190 758 1440 802 breuissime
1466 760 1535 803 hic
1556 773 1661 808 con·-

138 833 292 884 traxit,
331 835 527 892 apparet,
565 831 672 872 hanc
713 830 905 886 eclogam
948 842 1046 873 esse
1075 830 1307 885 ponendam
1338 837 1435 875 ante
1466 845 1500 877 c.
1531 834 1570 880 9.
1606 858 1658 867 -—

136 906 214 958 κζ’,
243 906 293 948 9:
320 904 528 956 XXXXII,
555 903 623 954 65,
654 904 810 949 9—10.
870 904 1082 961 Polybium
1126 910 1151 956 s
1185 906 1205 951 1
1237 907 1462 960 scripsisse
1501 909 1661 962 καινόν,

137 988 226 1018 non
256 974 377 1024 ξένον
408 986 462 1015 ex
492 973 609 1015 Liuio
642 985 810 1028 quoque
842 974 980 1015 elucet
1009 975 1149 1016 missis
1181 973 1273 1017 aliis
1306 977 1460 1019 causis.
1542 1031 1544 1033 v

257 1048 335 1104 κη’,
365 1050 415 1092 8:
447 1048 682 1099 XXXXIII,
718 1048 795 1099 19,
832 1048 1032 1099 13—20,
1059 1049 1099 1091 3.
1158 1048 1472 1109 Discrepantiae
1495 1082 1507 1104 ,
1557 1063 1665 1107 quae

136 1125 247 1164 inter
278 1126 500 1174 utrumque
533 1125 720 1170 exstant,
766 1124 837 1161 aut
867 1125 964 1161 sunt
994 1120 1145 1163 nullius
1176 1124 1400 1175 momenti,
1451 1136 1485 1165 e.
1513 1137 1555 1179 g.
1587 1137 1662 1177 pro

137 1194 279 1237 λειάνε
319 1194 584 1249 „captiuos“‚
622 1198 695 1235 aut
733 1193 982 1247 corruptelis
1026 1194 1069 1234 in
1100 1194 1418 1237 alteriusutrius
1446 1197 1663 1251 scriptoris

140 1270 272 1311 uerba
304 1269 462 1323 illapsis
495 1266 712 1309 debentur.
775 1265 901 1317 Quod
932 1267 1040 1308 enim
1069 1267 1152 1309 Liu.
1187 1267 1266 1321 19,
1297 1267 1354 1309 14
1381 1269 1558 1325 IegImus
1592 1272 1662 1324 „in

139 1341 336 1398 Illyrioo“
378 1353 463 1384 non
504 1341 655 1383 additis
700 1341 841 1383 uerbis
882 1346 952 1394 „et
982 1340 1149 1395 Epiro“‚
1189 1341 1417 1384 secundum
1448 1344 1533 1384 Pol.
1565 1348 1589 1393 5
1616 1343 1659 1396 2,

133 1430 283 1460 errore
330 1417 472 1459 librari
511 1416 648 1470 potius
690 1415 1003 1468 explicandum,
1050 1427 1170 1469 quam
1214 1429 1269 1458 ex
1313 1417 1404 1460 Liui
1444 1418 1661 1461 breuitatis

132 1492 267 1534 studio
301 1495 437 1532 ortum
465 1502 562 1531 esse
593 1495 804 1543 putamus3
851 1490 1018 1543 scripsit
1060 1491 1187 1544 igitur
1219 1490 1361 1532 Liuius
1393 1492 1459 1544 „in
1490 1489 1658 1546 Illyrico

134 1570 176 1607 et
205 1564 373 1618 Epiro“.
432 1563 539 1605 Num
570 1563 719 1604 eodem
750 1562 873 1603 modo
907 1562 993 1604 Pol.
1028 1567 1053 1611 §
1084 1561 1110 1605 3
1142 1576 1219 1617 pro
1261 1563 1318 1612 εἰς
1347 1562 1423 1617 τὴν
1450 1561 1663 1618 Ἰλλυρίδα

137 1632 190 1681 ex
220 1640 307 1680 Liu.
341 1637 412 1689 20,
449 1640 468 1678 1
500 1636 804 1678 restituendum
826 1637 880 1678 sit
910 1634 985 1685 sie'g
1017 1632 1091 1687 τὴν
1119 1632 1328 1690 Ἰλλυρίδα
1352 1635 1425 1677 καί
1450 1634 1525 1689 τὴν
1556 1637 1662 1678 lif-Ia-

133 1709 324 1753 κεὸονιὰν
354 1712 488 1752 minus
518 1714 675 1752 certum
707 1715 786 1762 est,
819 1722 909 1751 cum
941 1710 1063 1751 facile
1094 1710 1185 1751 fieri
1206 1711 1407 1763 potuerit,
1438 1715 1483 1752 ut
1513 1712 1657 1754 Liuius

134 1786 186 1828 de
225 1798 303 1828 suo
345 1783 553 1826 addiderit
598 1788 697 1836 „aut
727 1782 1064 1833 Macedoniam“;
1113 1784 1193 1824 illis
1245 1785 1354 1826 enim
1387 1785 1534 1826 'uerbis
1575 1797 1661 1827 non

131 1861 298 1916 scriptis
344 1866 482 1902 tamen
515 1858 658 1902 eadem
704 1860 914 1901 sententia
956 1859 1136 1900 exsistit.
1199 1858 1386 1912 Denique
1427 1859 1541 1914 quod
1572 1860 1657 1903 Pol.

132 1940 158 1985 S
189 1936 217 1980 8
247 1948 362 1978 nunc
406 1935 583 1991 legimus
624 1933 693 1990 ἐφ’
717 1930 926 1981 Ὕσκανα,
977 1934 1164 1987 quamuis
1194 1933 1281 1975 Liu.
1308 1934 1437 1987 20,.4
1463 1935 1661 1988 scriptum

133 2010 188 2052 sit
218 2009 497 2065 „Ancyram“,
528 2007 570 2050 id
601 2008 722 2062 culpa
754 2008 959 2049 editorum
990 2007 1134 2062 Polybi
1164 2008 1484 2050 nouissimorum
1509 2007 1662 2054 factum

136 2089 216 2137 est,
249 2086 322 2138 qui
352 2084 446 2126 cod.
478 2083 689 2125 Vrsiniani
719 2083 929 2135 lectione,
977 2094 1088 2138 quae
1119 2087 1185 2124 est
1214 2080 1257 2131 ἐς
1277 2077 1504 2138 Ἄγκυραν,
1535 2083 1658 2125 nimis

132 2159 331 2204 celeriter
360 2159 522 2199 reiecta
552 2170 575 2198 a
605 2156 697 2199 cod.
728 2158 920 2198 Bauarici
949 2157 1157 2208 lectione,
1188 2169 1270 2210 qua
1301 2162 1367 2199 est
1397 2156 1655 2209 ἐπακκῶναν,

130 2218 321 2287 profecti¹
343 2236 444 2275 sunt
456 2246 469 2284 3
517 2229 738 2286 legendum
785 2231 891 2271 enim
932 2234 999 2272 est
1041 2229 1104 2272 ἐπ’
1137 2230 1257 2281 (ἐςῩ)
1280 2225 1523 2286 Ἄγκυραν,
1569 2242 1660 2273 cum

132 2319 213 2348 nec
242 2308 353 2359 quod
385 2307 496 2348 illius
528 2307 641 2347 urbis
676 2306 928 2347 mentionem
959 2309 1178 2358 praeterea
1205 2318 1291 2348 non
1318 2306 1517 2349 hahemus
1542 2336 1557 2357 ,
1606 2303 1659 2347 cf.

131 2381 371 2436 Schweigh.
401 2379 452 2423 ad
493 2381 533 2422 h.
566 2381 592 2423 l.
625 2403 678 2411 —
711 2392 808 2422 esse
851 2380 960 2422 enim
1007 2378 1130 2423 debet
1179 2380 1260 2423 alia
1289 2380 1487 2436 Ancyra,
1537 2390 1660 2433 quam

131 2457 262 2512 uolgo
295 2434 402 2497 not'a‘
427 2478 481 2484 —
512 2467 592 2495 nec
620 2455 731 2509 quod
763 2454 903 2508 Steph.
935 2454 1032 2509 Byz.
1068 2457 1159 2497 eius
1192 2457 1444 2498 mentionem
1475 2465 1560 2495 non
1591 2452 1659 2493 fe-

132 2526 202 2579 cit,
234 2525 495 2567 demonstret
525 2524 633 2565 illam
661 2524 805 2566 urbem
838 2536 922 2565 non
955 2525 1182 2569 exstitisse.
1291 2517 1295 2523 ⁵

249 2604 289 2649 1)
314 2603 436 2649 Polybi
461 2602 568 2637 uerba
591 2608 646 2637 aut
667 2603 765 2638 ualde
788 2610 949 2648 excerpta
972 2614 1050 2639 esse
1083 2609 1141 2638 aut
1162 2603 1236 2637 Liui
1268 2602 1366 2636 nimis
1391 2600 1544 2636 breuiter
1567 2612 1656 2637 con-

131 2666 239 2695 tracta
260 2662 428 2704 uidentur,
454 2671 555 2707 quam
579 2665 616 2694 ut
641 2666 734 2694 certa
758 2662 969 2706 comparatio
994 2662 1124 2697 institui
1149 2664 1272 2706 queat3
1313 2656 1490 2704 Polybium
1514 2658 1571 2694 hic
1593 2668 1656 2694 so-

132 2719 200 2754 lum
223 2720 353 2755 fontem
376 2720 449 2755 Liui
471 2720 577 2756 fuisse
602 2724 732 2754 certum
756 2724 808 2754 est
831 2718 877 2753 ob
899 2719 1074 2754 materiam
1095 2719 1215 2763 ipsam.
