<?xml version="1.0" encoding="UTF-8"?>
<!DOCTYPE html PUBLIC "-//W3C//DTD XHTML 1.0 Transitional//EN"
    "http://www.w3.org/TR/xhtml1/DTD/xhtml1-transitional.dtd">
<html xmlns="http://www.w3.org/1999/xhtml" xml:lang="en" lang="en">
 <head>
  <title>
</title>
<meta http-equiv="Content-Type" content="text/html;charset=utf-8" />
  <meta name='ocr-system' content='tesseract 3.04.00' />
  <meta name='ocr-capabilities' content='ocr_page ocr_carea ocr_par ocr_line ocrx_word'/>
</head>
<body>
  <div class='ocr_page' id='page_1' title='image "4738025_0032.png"; bbox 0 0 1853 2860; ppageno 0'>
   <div class='ocr_carea' id='block_1_1' title="bbox 822 110 1109 156">
    <p class='ocr_par' dir='ltr' id='par_1_1' title="bbox 822 110 1109 156">
     <span class='ocr_line' id='line_1_1' title="bbox 822 110 1109 156; baseline 0 -12"><span class='ocrx_word' id='word_1_1' title='bbox 822 110 1109 156; x_wconf 72' lang='lat'><strong>-22-</strong></span> 
     </span>
    </p>
   </div>
   <div class='ocr_carea' id='block_1_2' title="bbox 201 223 1726 280">
    <p class='ocr_par' dir='ltr' id='par_1_2' title="bbox 201 223 1726 280">
     <span class='ocr_line' id='line_1_2' title="bbox 201 223 1726 280; baseline 0.002 -12"><span class='ocrx_word' id='word_1_2' title='bbox 201 225 433 268; x_wconf 77' lang='lat' dir='ltr'><strong>memoriae·</strong></span> <span class='ocrx_word' id='word_1_3' title='bbox 463 224 684 266; x_wconf 84' lang='lat' dir='ltr'><strong>mandasse</strong></span> <span class='ocrx_word' id='word_1_4' title='bbox 714 223 1091 277; x_wconf 76' lang='lat' dir='ltr'><strong>Philopoemenem,</strong></span> <span class='ocrx_word' id='word_1_5' title='bbox 1120 225 1389 268; x_wconf 84' lang='lat' dir='ltr'><strong>Hannibalem</strong></span> <span class='ocrx_word' id='word_1_6' title='bbox 1419 230 1460 269; x_wconf 91' lang='lat' dir='ltr'><strong>et</strong></span> <span class='ocrx_word' id='word_1_7' title='bbox 1489 225 1726 280; x_wconf 74' lang='lat' dir='ltr'><strong>scipio-cm</strong></span> 
     </span>
    </p>
   </div>
   <div class='ocr_carea' id='block_1_3' title="bbox 192 296 1726 425">
    <p class='ocr_par' dir='ltr' id='par_1_3' title="bbox 192 296 1726 425">
     <span class='ocr_line' id='line_1_3' title="bbox 192 296 1726 370; baseline -0.001 -26"><span class='ocrx_word' id='word_1_8' title='bbox 192 309 315 344; x_wconf 67' lang='lat' dir='ltr'><strong>¹muno</strong></span> <span class='ocrx_word' id='word_1_9' title='bbox 336 296 415 344; x_wconf 73' lang='lat'><strong>571</strong></span> <span class='ocrx_word' id='word_1_10' title='bbox 448 310 483 340; x_wconf 87' lang='lat' dir='ltr'><strong>a.</strong></span> <span class='ocrx_word' id='word_1_11' title='bbox 513 309 553 340; x_wconf 90' lang='lat' dir='ltr'><strong>u.</strong></span> <span class='ocrx_word' id='word_1_12' title='bbox 585 310 619 340; x_wconf 94' lang='lat' dir='ltr'><strong>c.</strong></span> <span class='ocrx_word' id='word_1_13' title='bbox 651 298 903 349; x_wconf 69' lang='lat' dir='ltr'>decessisse,</span> <span class='ocrx_word' id='word_1_14' title='bbox 932 297 1127 352; x_wconf 83' lang='lat' dir='ltr'><strong>Polybius</strong></span> <span class='ocrx_word' id='word_1_15' title='bbox 1138 309 1324 370; x_wconf 37' lang='lat' dir='ltr'><strong>‘quoque</strong></span> <span class='ocrx_word' id='word_1_16' title='bbox 1351 299 1444 354; x_wconf 80' lang='lat' dir='ltr'><strong>fuit,</strong></span> <span class='ocrx_word' id='word_1_17' title='bbox 1472 303 1517 344; x_wconf 83' lang='lat' dir='ltr'><strong>ut</strong></span> <span class='ocrx_word' id='word_1_18' title='bbox 1545 303 1726 355; x_wconf 73' lang='lat' dir='ltr'><strong>apparet.</strong></span> 
     </span>
     <span class='ocr_line' id='line_1_4' title="bbox 206 370 1724 425; baseline 0.001 -12"><span class='ocrx_word' id='word_1_19' title='bbox 206 371 424 413; x_wconf 74' lang='lat' dir='ltr'><strong>manifesto</strong></span> <span class='ocrx_word' id='word_1_20' title='bbox 443 382 511 412; x_wconf 62' lang='lat' dir='ltr'><strong>‘ex</strong></span> <span class='ocrx_word' id='word_1_21' title='bbox 532 371 778 425; x_wconf 68' lang='lat' dir='ltr'><strong>fragmentis</strong></span> <span class='ocrx_word' id='word_1_22' title='bbox 810 371 954 425; x_wconf 78' lang='lat' dir='ltr'>Polybi</span> <span class='ocrx_word' id='word_1_23' title='bbox 984 372 1010 412; x_wconf 90' lang='lat' dir='ltr'><strong>I.</strong></span> <span class='ocrx_word' id='word_1_24' title='bbox 1033 370 1185 413; x_wconf 86' lang='lat' dir='ltr'>XXIIH</span> <span class='ocrx_word' id='word_1_25' title='bbox 1210 372 1360 425; x_wconf 79' lang='lat' dir='ltr'><strong>positis</strong></span> <span class='ocrx_word' id='word_1_26' title='bbox 1393 386 1417 415; x_wconf 87' lang='lat' dir='ltr'><strong>a</strong></span> <span class='ocrx_word' id='word_1_27' title='bbox 1447 373 1641 416; x_wconf 85' lang='lat' dir='ltr'><strong>Bekkero</strong></span> <span class='ocrx_word' id='word_1_28' title='bbox 1671 384 1724 425; x_wconf 80' lang='lat' dir='ltr'><strong>„c</strong></span> 
     </span>
    </p>
   </div>
   <div class='ocr_carea' id='block_1_4' title="bbox 203 441 1796 508">
    <p class='ocr_par' dir='ltr' id='par_1_4' title="bbox 203 441 1796 508">
     <span class='ocr_line' id='line_1_5' title="bbox 203 441 1796 508; baseline 0.002 -23"><span class='ocrx_word' id='word_1_29' title='bbox 203 441 398 487; x_wconf 81' lang='lat' dir='ltr'><strong>8b-—9a“</strong></span> <span class='ocrx_word' id='word_1_30' title='bbox 443 444 672 498; x_wconf 74' lang='lat' dir='ltr'><strong>eodemque</strong></span> <span class='ocrx_word' id='word_1_31' title='bbox 702 442 850 486; x_wconf 82' lang='lat' dir='ltr'><strong>ordine</strong></span> <span class='ocrx_word' id='word_1_32' title='bbox 879 444 922 485; x_wconf 88' lang='lat' dir='ltr'><strong>in</strong></span> <span class='ocrx_word' id='word_1_33' title='bbox 952 449 1244 499; x_wconf 82' lang='lat' dir='ltr'><strong>excerptorum</strong></span> <span class='ocrx_word' id='word_1_34' title='bbox 1284 443 1431 489; x_wconf 90' lang='lat' dir='ltr'><strong>codice</strong></span> <span class='ocrx_word' id='word_1_35' title='bbox 1468 445 1625 490; x_wconf 84' lang='lat' dir='ltr'><strong>traditis</strong></span> <span class='ocrx_word' id='word_1_36' title='bbox 1656 450 1719 488; x_wconf 49' lang='grc' dir='ltr'><strong>ἔοι</strong></span> <span class='ocrx_word' id='word_1_37' title='bbox 1793 504 1796 508; x_wconf 76' lang='lat'><strong>,</strong></span> 
     </span>
    </p>
   </div>
   <div class='ocr_carea' id='block_1_5' title="bbox 198 513 1781 2037">
    <p class='ocr_par' dir='ltr' id='par_1_5' title="bbox 198 513 1781 2037">
     <span class='ocr_line' id='line_1_6' title="bbox 206 513 1724 572; baseline 0.002 -13"><span class='ocrx_word' id='word_1_38' title='bbox 206 518 454 570; x_wconf 81' lang='lat' dir='ltr'><strong>praesertim</strong></span> <span class='ocrx_word' id='word_1_39' title='bbox 484 531 538 559; x_wconf 83' lang='lat' dir='ltr'><strong>ex</strong></span> <span class='ocrx_word' id='word_1_40' title='bbox 568 518 722 560; x_wconf 86' lang='lat' dir='ltr'><strong>ultimis</strong></span> <span class='ocrx_word' id='word_1_41' title='bbox 751 519 895 561; x_wconf 89' lang='lat' dir='ltr'><strong>uerbis</strong></span> <span class='ocrx_word' id='word_1_42' title='bbox 925 519 1068 572; x_wconf 89' lang='lat' dir='ltr'><strong>capitis</strong></span> <span class='ocrx_word' id='word_1_43' title='bbox 1099 518 1171 560; x_wconf 72' lang='lat'><strong>911:</strong></span> <span class='ocrx_word' id='word_1_44' title='bbox 1201 515 1335 557; x_wconf 72' lang='grc' dir='ltr'><strong><em>ταῦτα</em></strong></span> <span class='ocrx_word' id='word_1_45' title='bbox 1362 517 1443 569; x_wconf 75' lang='grc' dir='ltr'><strong>μὲν</strong></span> <span class='ocrx_word' id='word_1_46' title='bbox 1462 513 1539 561; x_wconf 74' lang='grc' dir='ltr'><strong>οὖν</strong></span> <span class='ocrx_word' id='word_1_47' title='bbox 1558 536 1596 564; x_wconf 85' lang='grc' dir='ltr'><strong>κ.</strong></span> <span class='ocrx_word' id='word_1_48' title='bbox 1615 534 1652 560; x_wconf 78' lang='grc' dir='ltr'><strong>τ.</strong></span> <span class='ocrx_word' id='word_1_49' title='bbox 1668 521 1724 572; x_wconf 84' lang='grc' dir='ltr'><strong>λ.,</strong></span> 
     </span>
     <span class='ocr_line' id='line_1_7' title="bbox 204 591 1724 647; baseline 0.001 -11"><span class='ocrx_word' id='word_1_50' title='bbox 204 603 314 645; x_wconf 76' lang='lat' dir='ltr'><strong>quae</strong></span> <span class='ocrx_word' id='word_1_51' title='bbox 342 591 536 647; x_wconf 73' lang='lat' dir='ltr'><strong>Polybius</strong></span> <span class='ocrx_word' id='word_1_52' title='bbox 579 592 771 634; x_wconf 82' lang='lat' dir='ltr'><strong>scribere</strong></span> <span class='ocrx_word' id='word_1_53' title='bbox 813 603 898 634; x_wconf 90' lang='lat' dir='ltr'><strong>non</strong></span> <span class='ocrx_word' id='word_1_54' title='bbox 938 592 1166 646; x_wconf 87' lang='lat' dir='ltr'><strong>potuisset,</strong></span> <span class='ocrx_word' id='word_1_55' title='bbox 1216 592 1297 635; x_wconf 79' lang='lat' dir='ltr'><strong>nisi</strong></span> <span class='ocrx_word' id='word_1_56' title='bbox 1325 591 1379 636; x_wconf 89' lang='lat' dir='ltr'><strong>de</strong></span> <span class='ocrx_word' id='word_1_57' title='bbox 1407 592 1530 635; x_wconf 84' lang='lat' dir='ltr'><strong>trium</strong></span> <span class='ocrx_word' id='word_1_58' title='bbox 1559 593 1724 637; x_wconf 80' lang='lat' dir='ltr'><strong>illorum</strong></span> 
     </span>
     <span class='ocr_line' id='line_1_8' title="bbox 202 663 1722 719; baseline 0.002 -14"><span class='ocrx_word' id='word_1_59' title='bbox 202 663 352 708; x_wconf 82' lang='lat' dir='ltr'><strong>ducum</strong></span> <span class='ocrx_word' id='word_1_60' title='bbox 382 665 587 707; x_wconf 85' lang='lat' dir='ltr'><strong>mortibus</strong></span> <span class='ocrx_word' id='word_1_61' title='bbox 618 664 767 706; x_wconf 85' lang='lat' dir='ltr'><strong>eodem</strong></span> <span class='ocrx_word' id='word_1_62' title='bbox 797 670 984 719; x_wconf 85' lang='lat' dir='ltr'><strong>tempore</strong></span> <span class='ocrx_word' id='word_1_63' title='bbox 1012 666 1194 708; x_wconf 84' lang='lat' dir='ltr'><strong>narratis</strong></span> <span class='ocrx_word' id='word_1_64' title='bbox 1225 667 1355 709; x_wconf 85' lang='lat' dir='ltr'><strong>uerba</strong></span> <span class='ocrx_word' id='word_1_65' title='bbox 1399 666 1581 709; x_wconf 75' lang='lat' dir='ltr'><strong>fecisset.</strong></span> <span class='ocrx_word' id='word_1_66' title='bbox 1640 666 1722 708; x_wconf 83' lang='lat' dir='ltr'><strong>Er-</strong></span> 
     </span>
     <span class='ocr_line' id='line_1_9' title="bbox 202 737 1725 793; baseline 0.001 -14"><span class='ocrx_word' id='word_1_67' title='bbox 202 748 322 780; x_wconf 80' lang='lat' dir='ltr'><strong>rasse</strong></span> <span class='ocrx_word' id='word_1_68' title='bbox 359 738 485 792; x_wconf 82' lang='lat' dir='ltr'><strong>igitur</strong></span> <span class='ocrx_word' id='word_1_69' title='bbox 522 739 731 792; x_wconf 86' lang='lat' dir='ltr'><strong>putandus</strong></span> <span class='ocrx_word' id='word_1_70' title='bbox 773 744 838 781; x_wconf 88' lang='lat' dir='ltr'><strong>est</strong></span> <span class='ocrx_word' id='word_1_71' title='bbox 876 739 998 781; x_wconf 88' lang='lat' dir='ltr'><strong>Corn.</strong></span> <span class='ocrx_word' id='word_1_72' title='bbox 1030 739 1159 793; x_wconf 90' lang='lat' dir='ltr'><strong>Nep.‚</strong></span> <span class='ocrx_word' id='word_1_73' title='bbox 1205 739 1376 782; x_wconf 89' lang='lat' dir='ltr'><strong>Hannib.</strong></span> <span class='ocrx_word' id='word_1_74' title='bbox 1412 737 1489 790; x_wconf 82' lang='lat'><strong>13,</strong></span> <span class='ocrx_word' id='word_1_75' title='bbox 1528 740 1598 793; x_wconf 85' lang='lat' dir='ltr'><strong>qui</strong></span> <span class='ocrx_word' id='word_1_76' title='bbox 1624 737 1725 782; x_wconf 87' lang='lat' dir='ltr'><strong>dicit</strong></span> 
     </span>
     <span class='ocr_line' id='line_1_10' title="bbox 204 810 1723 866; baseline 0.001 -14"><span class='ocrx_word' id='word_1_77' title='bbox 204 815 313 853; x_wconf 82' lang='lat' dir='ltr'><strong>teste</strong></span> <span class='ocrx_word' id='word_1_78' title='bbox 342 812 518 866; x_wconf 80' lang='lat' dir='ltr'><strong>Polybio</strong></span> <span class='ocrx_word' id='word_1_79' title='bbox 549 812 818 854; x_wconf 87' lang='lat' dir='ltr'><strong>Hannibalem</strong></span> <span class='ocrx_word' id='word_1_80' title='bbox 849 823 959 853; x_wconf 84' lang='lat' dir='ltr'><strong>anno</strong></span> <span class='ocrx_word' id='word_1_81' title='bbox 990 810 1076 854; x_wconf 83' lang='lat'><strong>572</strong></span> <span class='ocrx_word' id='word_1_82' title='bbox 1105 816 1313 853; x_wconf 85' lang='lat' dir='ltr'><strong>mortuum</strong></span> <span class='ocrx_word' id='word_1_83' title='bbox 1345 823 1464 864; x_wconf 87' lang='lat' dir='ltr'><strong>esse,</strong></span> <span class='ocrx_word' id='word_1_84' title='bbox 1509 816 1550 854; x_wconf 80' lang='lat' dir='ltr'><strong>et</strong></span> <span class='ocrx_word' id='word_1_85' title='bbox 1576 812 1723 855; x_wconf 71' lang='lat' dir='ltr'><strong>&#39;Liuius</strong></span> 
     </span>
     <span class='ocr_line' id='line_1_11' title="bbox 201 884 1721 938; baseline 0 -12"><span class='ocrx_word' id='word_1_86' title='bbox 201 884 324 927; x_wconf 84' lang='lat' dir='ltr'><strong>fidem</strong></span> <span class='ocrx_word' id='word_1_87' title='bbox 355 885 497 926; x_wconf 85' lang='lat' dir='ltr'><strong>tribuit</strong></span> <span class='ocrx_word' id='word_1_88' title='bbox 527 885 697 938; x_wconf 82' lang='lat' dir='ltr'><strong>Polybio</strong></span> <span class='ocrx_word' id='word_1_89' title='bbox 728 885 929 926; x_wconf 76' lang='lat' dir='ltr'><strong>referenti</strong></span> <span class='ocrx_word' id='word_1_90' title='bbox 976 885 1028 925; x_wconf 89' lang='lat' dir='ltr'><strong>de</strong></span> <span class='ocrx_word' id='word_1_91' title='bbox 1060 885 1302 927; x_wconf 82' lang='lat' dir='ltr'><strong>Hannibalis</strong></span> <span class='ocrx_word' id='word_1_92' title='bbox 1344 889 1501 935; x_wconf 76' lang='lat' dir='ltr'><strong>morte3</strong></span> <span class='ocrx_word' id='word_1_93' title='bbox 1547 893 1654 938; x_wconf 78' lang='lat' dir='ltr'><strong>quae</strong></span> <span class='ocrx_word' id='word_1_94' title='bbox 1685 898 1721 927; x_wconf 90' lang='lat' dir='ltr'><strong>c.</strong></span> 
     </span>
     <span class='ocr_line' id='line_1_12' title="bbox 202 955 1719 1013; baseline 0 -15"><span class='ocrx_word' id='word_1_95' title='bbox 202 955 274 1008; x_wconf 81' lang='lat'><strong>52,</strong></span> <span class='ocrx_word' id='word_1_96' title='bbox 306 962 348 1006; x_wconf 78' lang='lat'><strong>§-</strong></span> <span class='ocrx_word' id='word_1_97' title='bbox 384 956 401 998; x_wconf 89' lang='lat' dir='ltr'><strong>I</strong></span> <span class='ocrx_word' id='word_1_98' title='bbox 438 957 539 1005; x_wconf 85' lang='lat' dir='ltr'><strong>dicit</strong></span> <span class='ocrx_word' id='word_1_99' title='bbox 569 958 622 998; x_wconf 91' lang='lat' dir='ltr'><strong>de</strong></span> <span class='ocrx_word' id='word_1_100' title='bbox 654 958 859 1011; x_wconf 83' lang='lat' dir='ltr'><strong>Scipionis</strong></span> <span class='ocrx_word' id='word_1_101' title='bbox 888 962 1051 1008; x_wconf 87' lang='lat' dir='ltr'><strong>morte,</strong></span> <span class='ocrx_word' id='word_1_102' title='bbox 1082 956 1134 999; x_wconf 90' lang='lat' dir='ltr'><strong>de</strong></span> <span class='ocrx_word' id='word_1_103' title='bbox 1165 957 1228 1003; x_wconf 86' lang='lat' dir='ltr'><strong>his</strong></span> <span class='ocrx_word' id='word_1_104' title='bbox 1258 970 1297 1000; x_wconf 90' lang='lat' dir='ltr'><strong>u.</strong></span> <span class='ocrx_word' id='word_1_105' title='bbox 1328 969 1481 1012; x_wconf 87' lang='lat' dir='ltr'><strong>supra,</strong></span> <span class='ocrx_word' id='word_1_106' title='bbox 1522 971 1561 1013; x_wconf 92' lang='lat' dir='ltr'><strong>p.</strong></span> <span class='ocrx_word' id='word_1_107' title='bbox 1593 959 1634 1003; x_wconf 88' lang='grc'><strong>5.</strong></span> <span class='ocrx_word' id='word_1_108' title='bbox 1664 980 1719 989; x_wconf 89' lang='grc'><strong>-</strong></span> 
     </span>
     <span class='ocr_line' id='line_1_13' title="bbox 200 1028 1722 1088; baseline 0 -14"><span class='ocrx_word' id='word_1_109' title='bbox 200 1031 293 1075; x_wconf 84' lang='lat' dir='ltr'><strong>Liu.</strong></span> <span class='ocrx_word' id='word_1_110' title='bbox 326 1031 495 1084; x_wconf 87' lang='lat' dir='ltr'>XXXX,</span> <span class='ocrx_word' id='word_1_111' title='bbox 527 1030 597 1083; x_wconf 83' lang='lat'><strong>55,</strong></span> <span class='ocrx_word' id='word_1_112' title='bbox 629 1028 677 1073; x_wconf 76' lang='lat'><strong>7:</strong></span> <span class='ocrx_word' id='word_1_113' title='bbox 710 1044 763 1073; x_wconf 87' lang='lat' dir='ltr'><strong>ex</strong></span> <span class='ocrx_word' id='word_1_114' title='bbox 792 1031 874 1074; x_wconf 87' lang='lat' dir='ltr'><strong>hoc</strong></span> <span class='ocrx_word' id='word_1_115' title='bbox 904 1032 999 1074; x_wconf 91' lang='lat' dir='ltr'><strong>loco</strong></span> <span class='ocrx_word' id='word_1_116' title='bbox 1028 1032 1314 1086; x_wconf 86' lang='lat' dir='ltr'><strong>colligendum</strong></span> <span class='ocrx_word' id='word_1_117' title='bbox 1343 1037 1481 1085; x_wconf 81' lang='lat' dir='ltr'><strong>esset,</strong></span> <span class='ocrx_word' id='word_1_118' title='bbox 1510 1032 1722 1088; x_wconf 77' lang='lat' dir='ltr'><strong>Polybium</strong></span> 
     </span>
     <span class='ocr_line' id='line_1_14' title="bbox 206 1105 1723 1160; baseline 0.001 -15"><span class='ocrx_word' id='word_1_119' title='bbox 206 1115 303 1145; x_wconf 85' lang='lat' dir='ltr'><strong>esse</strong></span> <span class='ocrx_word' id='word_1_120' title='bbox 334 1105 513 1158; x_wconf 76' lang='lat' dir='ltr'><strong>aliquem</strong></span> <span class='ocrx_word' id='word_1_121' title='bbox 533 1116 588 1146; x_wconf 85' lang='lat' dir='ltr'><strong>ex</strong></span> <span class='ocrx_word' id='word_1_122' title='bbox 618 1105 818 1146; x_wconf 88' lang='lat' dir='ltr'><strong>alterutro</strong></span> <span class='ocrx_word' id='word_1_123' title='bbox 848 1117 1007 1160; x_wconf 86' lang='lat' dir='ltr'><strong>genere</strong></span> <span class='ocrx_word' id='word_1_124' title='bbox 1037 1105 1260 1158; x_wconf 85' lang='lat' dir='ltr'><strong>„aliorum“</strong></span> <span class='ocrx_word' id='word_1_125' title='bbox 1292 1105 1471 1158; x_wconf 87' lang='lat' dir='ltr'><strong>illorum,</strong></span> <span class='ocrx_word' id='word_1_126' title='bbox 1499 1105 1580 1148; x_wconf 90' lang='lat' dir='ltr'><strong>nisi</strong></span> <span class='ocrx_word' id='word_1_127' title='bbox 1609 1109 1723 1147; x_wconf 84' lang='lat' dir='ltr'><strong>esset</strong></span> 
     </span>
     <span class='ocr_line' id='line_1_15' title="bbox 204 1178 1720 1231; baseline 0.002 -13"><span class='ocrx_word' id='word_1_128' title='bbox 204 1179 297 1219; x_wconf 90' lang='lat' dir='ltr'><strong>ueri</strong></span> <span class='ocrx_word' id='word_1_129' title='bbox 327 1179 573 1226; x_wconf 78' lang='lat' dir='ltr'><strong>simillimum</strong></span> <span class='ocrx_word' id='word_1_130' title='bbox 605 1179 685 1219; x_wconf 88' lang='lat' dir='ltr'><strong>iam</strong></span> <span class='ocrx_word' id='word_1_131' title='bbox 715 1178 927 1231; x_wconf 84' lang='lat' dir='ltr'><strong>Polybium</strong></span> <span class='ocrx_word' id='word_1_132' title='bbox 957 1179 1011 1218; x_wconf 90' lang='lat' dir='ltr'><strong>ita</strong></span> <span class='ocrx_word' id='word_1_133' title='bbox 1057 1189 1256 1219; x_wconf 84' lang='lat' dir='ltr'><strong>narrasse</strong></span> <span class='ocrx_word' id='word_1_134' title='bbox 1287 1190 1401 1229; x_wconf 87' lang='lat' dir='ltr'><strong>„rem</strong></span> <span class='ocrx_word' id='word_1_135' title='bbox 1445 1190 1529 1220; x_wconf 91' lang='lat' dir='ltr'><strong>non</strong></span> <span class='ocrx_word' id='word_1_136' title='bbox 1569 1183 1720 1221; x_wconf 88' lang='lat' dir='ltr'><strong>certam</strong></span> 
     </span>
     <span class='ocr_line' id='line_1_16' title="bbox 203 1249 1720 1305; baseline 0.001 -13"><span class='ocrx_word' id='word_1_137' title='bbox 203 1261 314 1302; x_wconf 86' lang='lat' dir='ltr'><strong>esse,</strong></span> <span class='ocrx_word' id='word_1_138' title='bbox 344 1252 441 1304; x_wconf 84' lang='lat' dir='ltr'><strong>quia</strong></span> <span class='ocrx_word' id='word_1_139' title='bbox 470 1251 541 1293; x_wconf 87' lang='lat' dir='ltr'><strong>alii</strong></span> <span class='ocrx_word' id='word_1_140' title='bbox 572 1250 668 1303; x_wconf 89' lang='lat' dir='ltr'><strong>hoc,</strong></span> <span class='ocrx_word' id='word_1_141' title='bbox 700 1251 768 1293; x_wconf 86' lang='lat' dir='ltr'><strong>alii</strong></span> <span class='ocrx_word' id='word_1_142' title='bbox 799 1250 900 1292; x_wconf 89' lang='lat' dir='ltr'><strong>illud</strong></span> <span class='ocrx_word' id='word_1_143' title='bbox 931 1249 1166 1293; x_wconf 85' lang='lat' dir='ltr'><strong>traderent“</strong></span> <span class='ocrx_word' id='word_1_144' title='bbox 1196 1251 1240 1293; x_wconf 90' lang='lat' dir='ltr'><strong>in</strong></span> <span class='ocrx_word' id='word_1_145' title='bbox 1271 1262 1409 1305; x_wconf 86' lang='lat' dir='ltr'><strong>eoque</strong></span> <span class='ocrx_word' id='word_1_146' title='bbox 1441 1251 1600 1294; x_wconf 88' lang='lat' dir='ltr'><strong>Liuium</strong></span> <span class='ocrx_word' id='word_1_147' title='bbox 1643 1263 1720 1293; x_wconf 81' lang='lat' dir='ltr'><strong>se-</strong></span> 
     </span>
     <span class='ocr_line' id='line_1_17' title="bbox 203 1322 1720 1377; baseline 0.002 -13"><span class='ocrx_word' id='word_1_148' title='bbox 203 1328 343 1365; x_wconf 90' lang='lat' dir='ltr'><strong>cutum</strong></span> <span class='ocrx_word' id='word_1_149' title='bbox 375 1335 470 1365; x_wconf 88' lang='lat' dir='ltr'><strong>esse</strong></span> <span class='ocrx_word' id='word_1_150' title='bbox 498 1324 712 1377; x_wconf 89' lang='lat' dir='ltr'><strong>Polybium</strong></span> <span class='ocrx_word' id='word_1_151' title='bbox 723 1339 736 1375; x_wconf 91' lang='lat'>;</span> <span class='ocrx_word' id='word_1_152' title='bbox 776 1335 868 1364; x_wconf 85' lang='lat' dir='ltr'><strong>nam</strong></span> <span class='ocrx_word' id='word_1_153' title='bbox 900 1335 954 1364; x_wconf 84' lang='lat' dir='ltr'><strong>ex</strong></span> <span class='ocrx_word' id='word_1_154' title='bbox 982 1324 1048 1374; x_wconf 90' lang='lat' dir='ltr'><strong>iis,</strong></span> <span class='ocrx_word' id='word_1_155' title='bbox 1079 1335 1188 1376; x_wconf 87' lang='lat' dir='ltr'><strong>quae</strong></span> <span class='ocrx_word' id='word_1_156' title='bbox 1216 1335 1311 1377; x_wconf 82' lang='lat' dir='ltr'><strong>pag.</strong></span> <span class='ocrx_word' id='word_1_157' title='bbox 1345 1322 1398 1365; x_wconf 93' lang='lat'><strong>10</strong></span> <span class='ocrx_word' id='word_1_158' title='bbox 1429 1335 1468 1376; x_wconf 89' lang='lat' dir='ltr'><strong>q.</strong></span> <span class='ocrx_word' id='word_1_159' title='bbox 1498 1336 1530 1365; x_wconf 88' lang='lat' dir='ltr'><strong>s.</strong></span> <span class='ocrx_word' id='word_1_160' title='bbox 1564 1325 1720 1376; x_wconf 75' lang='lat' dir='ltr'><strong>preba-</strong></span> 
     </span>
     <span class='ocr_line' id='line_1_18' title="bbox 202 1396 1718 1451; baseline -0.001 -13"><span class='ocrx_word' id='word_1_161' title='bbox 202 1397 357 1449; x_wconf 82' lang='lat' dir='ltr'><strong>uimus‚</strong></span> <span class='ocrx_word' id='word_1_162' title='bbox 399 1396 565 1450; x_wconf 82' lang='lat' dir='ltr'><strong>prodit,</strong></span> <span class='ocrx_word' id='word_1_163' title='bbox 607 1397 777 1438; x_wconf 70' lang='lat' dir='ltr'><strong>Liuium.</strong></span> <span class='ocrx_word' id='word_1_164' title='bbox 804 1396 872 1437; x_wconf 88' lang='lat' dir='ltr'><strong>hic</strong></span> <span class='ocrx_word' id='word_1_165' title='bbox 903 1407 1024 1437; x_wconf 82' lang='lat' dir='ltr'><strong>usum</strong></span> <span class='ocrx_word' id='word_1_166' title='bbox 1054 1407 1152 1437; x_wconf 90' lang='lat' dir='ltr'><strong>esse</strong></span> <span class='ocrx_word' id='word_1_167' title='bbox 1182 1396 1350 1451; x_wconf 75' lang='lat' dir='ltr'><strong>Polybio</strong></span> <span class='ocrx_word' id='word_1_168' title='bbox 1381 1397 1475 1440; x_wconf 89' lang='lat' dir='ltr'><strong>solo</strong></span> <span class='ocrx_word' id='word_1_169' title='bbox 1505 1397 1633 1440; x_wconf 85' lang='lat' dir='ltr'><strong>fonte.</strong></span> <span class='ocrx_word' id='word_1_170' title='bbox 1666 1419 1718 1427; x_wconf 92' lang='lat'>—</span> 
     </span>
     <span class='ocr_line' id='line_1_19' title="bbox 199 1469 1719 1523; baseline 0 -12"><span class='ocrx_word' id='word_1_171' title='bbox 199 1470 292 1513; x_wconf 86' lang='lat' dir='ltr'><strong>Liu.</strong></span> <span class='ocrx_word' id='word_1_172' title='bbox 325 1470 543 1523; x_wconf 87' lang='lat' dir='ltr'>XXXXII,</span> <span class='ocrx_word' id='word_1_173' title='bbox 578 1469 645 1522; x_wconf 92' lang='lat' dir='ltr'><strong>II,</strong></span> <span class='ocrx_word' id='word_1_174' title='bbox 683 1469 725 1511; x_wconf 92' lang='lat' dir='ltr'><strong>I:</strong></span> <span class='ocrx_word' id='word_1_175' title='bbox 770 1471 880 1510; x_wconf 86' lang='lat' dir='ltr'><strong>inter</strong></span> <span class='ocrx_word' id='word_1_176' title='bbox 911 1469 1075 1522; x_wconf 84' lang='lat' dir='ltr'><strong>„plures</strong></span> <span class='ocrx_word' id='word_1_177' title='bbox 1117 1473 1158 1510; x_wconf 90' lang='lat' dir='ltr'><strong>et</strong></span> <span class='ocrx_word' id='word_1_178' title='bbox 1187 1470 1338 1523; x_wconf 89' lang='lat' dir='ltr'><strong>quibus</strong></span> <span class='ocrx_word' id='word_1_179' title='bbox 1370 1469 1598 1513; x_wconf 85' lang='lat' dir='ltr'><strong>credidisse</strong></span> <span class='ocrx_word' id='word_1_180' title='bbox 1627 1482 1719 1511; x_wconf 87' lang='lat' dir='ltr'><strong>ma-</strong></span> 
     </span>
     <span class='ocr_line' id='line_1_20' title="bbox 203 1541 1718 1597; baseline 0.001 -13"><span class='ocrx_word' id='word_1_181' title='bbox 203 1541 276 1584; x_wconf 86' lang='lat' dir='ltr'><strong>lis“</strong></span> <span class='ocrx_word' id='word_1_182' title='bbox 309 1547 453 1597; x_wconf 84' lang='lat' dir='ltr'><strong>(quam</strong></span> <span class='ocrx_word' id='word_1_183' title='bbox 482 1544 648 1586; x_wconf 88' lang='lat' dir='ltr'><strong>Valerio</strong></span> <span class='ocrx_word' id='word_1_184' title='bbox 681 1544 858 1593; x_wconf 79' lang='lat' dir='ltr'><strong>Antiati)</strong></span> <span class='ocrx_word' id='word_1_185' title='bbox 903 1554 989 1585; x_wconf 88' lang='lat' dir='ltr'><strong>non</strong></span> <span class='ocrx_word' id='word_1_186' title='bbox 1019 1546 1084 1584; x_wconf 91' lang='lat' dir='ltr'><strong>est</strong></span> <span class='ocrx_word' id='word_1_187' title='bbox 1114 1541 1279 1585; x_wconf 89' lang='lat' dir='ltr'><strong>dubium</strong></span> <span class='ocrx_word' id='word_1_188' title='bbox 1308 1545 1408 1597; x_wconf 88' lang='lat' dir='ltr'><strong>quin</strong></span> <span class='ocrx_word' id='word_1_189' title='bbox 1437 1543 1561 1586; x_wconf 85' lang='lat' dir='ltr'><strong>fuerit</strong></span> <span class='ocrx_word' id='word_1_190' title='bbox 1590 1543 1718 1597; x_wconf 84' lang='lat' dir='ltr'><strong>Poly-</strong></span> 
     </span>
     <span class='ocr_line' id='line_1_21' title="bbox 200 1614 1720 1679; baseline 0.001 -21"><span class='ocrx_word' id='word_1_191' title='bbox 200 1618 392 1679; x_wconf 45' lang='lat' dir='ltr'><strong>bius.·——</strong></span> <span class='ocrx_word' id='word_1_192' title='bbox 423 1618 504 1660; x_wconf 88' lang='lat' dir='ltr'><strong>Liu.</strong></span> <span class='ocrx_word' id='word_1_193' title='bbox 537 1617 780 1673; x_wconf 80' lang='lat' dir='ltr'>XXXXIIII,</span> <span class='ocrx_word' id='word_1_194' title='bbox 815 1615 882 1669; x_wconf 88' lang='lat'><strong>15,</strong></span> <span class='ocrx_word' id='word_1_195' title='bbox 913 1614 960 1658; x_wconf 82' lang='lat'><strong>3:</strong></span> <span class='ocrx_word' id='word_1_196' title='bbox 993 1617 1103 1659; x_wconf 83' lang='lat' dir='ltr'><strong>inter</strong></span> <span class='ocrx_word' id='word_1_197' title='bbox 1133 1616 1313 1669; x_wconf 84' lang='lat' dir='ltr'><strong>„alios“,</strong></span> <span class='ocrx_word' id='word_1_198' title='bbox 1344 1618 1415 1670; x_wconf 88' lang='lat' dir='ltr'><strong>qui</strong></span> <span class='ocrx_word' id='word_1_199' title='bbox 1433 1617 1608 1660; x_wconf 86' lang='lat' dir='ltr'><strong>Claudio</strong></span> <span class='ocrx_word' id='word_1_200' title='bbox 1640 1628 1720 1670; x_wconf 89' lang='lat' dir='ltr'><strong>op-</strong></span> 
     </span>
     <span class='ocr_line' id='line_1_22' title="bbox 199 1690 1781 1746; baseline 0 -14"><span class='ocrx_word' id='word_1_201' title='bbox 199 1692 325 1745; x_wconf 80' lang='lat' dir='ltr'><strong>positi</strong></span> <span class='ocrx_word' id='word_1_202' title='bbox 354 1695 465 1742; x_wconf 88' lang='lat' dir='ltr'><strong>sunt,</strong></span> <span class='ocrx_word' id='word_1_203' title='bbox 498 1691 691 1746; x_wconf 81' lang='lat' dir='ltr'><strong>Polybius</strong></span> <span class='ocrx_word' id='word_1_204' title='bbox 721 1690 810 1740; x_wconf 81' lang='lat' dir='ltr'><strong>fuit,</strong></span> <span class='ocrx_word' id='word_1_205' title='bbox 843 1691 880 1731; x_wconf 89' lang='lat' dir='ltr'><strong>si</strong></span> <span class='ocrx_word' id='word_1_206' title='bbox 912 1691 1080 1731; x_wconf 90' lang='lat' dir='ltr'><strong>omnino</strong></span> <span class='ocrx_word' id='word_1_207' title='bbox 1111 1713 1167 1720; x_wconf 83' lang='lat'><strong>—</strong></span> <span class='ocrx_word' id='word_1_208' title='bbox 1196 1690 1309 1743; x_wconf 91' lang='lat' dir='ltr'><strong>quod</strong></span> <span class='ocrx_word' id='word_1_209' title='bbox 1330 1691 1430 1733; x_wconf 81' lang='lat' dir='ltr'><strong>satis</strong></span> <span class='ocrx_word' id='word_1_210' title='bbox 1463 1692 1556 1731; x_wconf 88' lang='lat' dir='ltr'><strong>ueri</strong></span> <span class='ocrx_word' id='word_1_211' title='bbox 1585 1690 1719 1733; x_wconf 86' lang='lat' dir='ltr'><strong>simile</strong></span> <span class='ocrx_word' id='word_1_212' title='bbox 1776 1735 1781 1737; x_wconf 70' lang='grc'><strong>,</strong></span> 
     </span>
     <span class='ocr_line' id='line_1_23' title="bbox 201 1762 1716 1818; baseline -0.001 -13"><span class='ocrx_word' id='word_1_213' title='bbox 201 1770 268 1805; x_wconf 89' lang='lat' dir='ltr'><strong>est</strong></span> <span class='ocrx_word' id='word_1_214' title='bbox 296 1787 349 1793; x_wconf 90' lang='lat'><em>-</em></span> <span class='ocrx_word' id='word_1_215' title='bbox 381 1765 423 1804; x_wconf 89' lang='lat' dir='ltr'><strong>in</strong></span> <span class='ocrx_word' id='word_1_216' title='bbox 453 1764 563 1805; x_wconf 79' lang='lat' dir='ltr'><strong>illius</strong></span> <span class='ocrx_word' id='word_1_217' title='bbox 594 1764 816 1818; x_wconf 79' lang='lat' dir='ltr'><strong>legationis</strong></span> <span class='ocrx_word' id='word_1_218' title='bbox 847 1763 1017 1803; x_wconf 86' lang='lat' dir='ltr'><strong>Romam</strong></span> <span class='ocrx_word' id='word_1_219' title='bbox 1048 1763 1200 1802; x_wconf 87' lang='lat' dir='ltr'><strong>missae</strong></span> <span class='ocrx_word' id='word_1_220' title='bbox 1232 1763 1468 1811; x_wconf 81' lang='lat' dir='ltr'><strong>narratione</strong></span> <span class='ocrx_word' id='word_1_221' title='bbox 1501 1762 1716 1815; x_wconf 85' lang='lat' dir='ltr'><strong>Polybium</strong></span> 
     </span>
     <span class='ocr_line' id='line_1_24' title="bbox 202 1834 1718 1888; baseline -0.001 -10"><span class='ocrx_word' id='word_1_222' title='bbox 202 1837 356 1878; x_wconf 84' lang='lat' dir='ltr'><strong>fontem</strong></span> <span class='ocrx_word' id='word_1_223' title='bbox 389 1836 579 1878; x_wconf 82' lang='lat' dir='ltr'><strong>adhibuit</strong></span> <span class='ocrx_word' id='word_1_224' title='bbox 605 1837 757 1877; x_wconf 84' lang='lat' dir='ltr'><strong>Liuius.</strong></span> <span class='ocrx_word' id='word_1_225' title='bbox 805 1836 997 1877; x_wconf 87' lang='lat' dir='ltr'><strong>Ceterum</strong></span> <span class='ocrx_word' id='word_1_226' title='bbox 1027 1847 1120 1877; x_wconf 88' lang='lat' dir='ltr'><strong>eum</strong></span> <span class='ocrx_word' id='word_1_227' title='bbox 1142 1847 1226 1876; x_wconf 90' lang='lat' dir='ltr'><strong>non</strong></span> <span class='ocrx_word' id='word_1_228' title='bbox 1248 1835 1438 1886; x_wconf 89' lang='lat' dir='ltr'><strong>Claudio,</strong></span> <span class='ocrx_word' id='word_1_229' title='bbox 1468 1834 1546 1877; x_wconf 87' lang='lat' dir='ltr'><strong>sed</strong></span> <span class='ocrx_word' id='word_1_230' title='bbox 1577 1835 1718 1888; x_wconf 85' lang='lat' dir='ltr'><strong>„aliis“</strong></span> 
     </span>
     <span class='ocr_line' id='line_1_25' title="bbox 200 1908 1716 1963; baseline 0 -12"><span class='ocrx_word' id='word_1_231' title='bbox 200 1911 281 1953; x_wconf 84' lang='lat' dir='ltr'><strong>illis</strong></span> <span class='ocrx_word' id='word_1_232' title='bbox 314 1911 492 1952; x_wconf 83' lang='lat' dir='ltr'><strong>credere</strong></span> <span class='ocrx_word' id='word_1_233' title='bbox 525 1923 579 1951; x_wconf 83' lang='lat' dir='ltr'><strong>ex</strong></span> <span class='ocrx_word' id='word_1_234' title='bbox 608 1923 659 1952; x_wconf 90' lang='lat' dir='ltr'><strong>eo</strong></span> <span class='ocrx_word' id='word_1_235' title='bbox 692 1915 852 1952; x_wconf 86' lang='lat' dir='ltr'><strong>certum</strong></span> <span class='ocrx_word' id='word_1_236' title='bbox 879 1910 937 1961; x_wconf 84' lang='lat' dir='ltr'><strong>fit,</strong></span> <span class='ocrx_word' id='word_1_237' title='bbox 969 1908 1080 1963; x_wconf 92' lang='lat' dir='ltr'><strong>quod</strong></span> <span class='ocrx_word' id='word_1_238' title='bbox 1110 1910 1152 1949; x_wconf 89' lang='lat' dir='ltr'><strong>in</strong></span> <span class='ocrx_word' id='word_1_239' title='bbox 1181 1909 1263 1950; x_wconf 82' lang='lat' dir='ltr'><strong>fine</strong></span> <span class='ocrx_word' id='word_1_240' title='bbox 1294 1920 1452 1960; x_wconf 84' lang='lat' dir='ltr'><strong>eorum,</strong></span> <span class='ocrx_word' id='word_1_241' title='bbox 1484 1921 1589 1963; x_wconf 83' lang='lat' dir='ltr'><strong>quae</strong></span> <span class='ocrx_word' id='word_1_242' title='bbox 1621 1909 1716 1955; x_wconf 78' lang='lat' dir='ltr'><strong>illos</strong></span> 
     </span>
     <span class='ocr_line' id='line_1_26' title="bbox 198 1982 1712 2037; baseline -0.002 -10"><span class='ocrx_word' id='word_1_243' title='bbox 198 1997 372 2027; x_wconf 82' lang='lat' dir='ltr'><strong>narrare</strong></span> <span class='ocrx_word' id='word_1_244' title='bbox 401 1986 561 2037; x_wconf 87' lang='lat' dir='ltr'><strong>scribit,</strong></span> <span class='ocrx_word' id='word_1_245' title='bbox 591 1985 641 2027; x_wconf 89' lang='lat' dir='ltr'><strong>ab</strong></span> <span class='ocrx_word' id='word_1_246' title='bbox 673 1985 863 2027; x_wconf 89' lang='lat' dir='ltr'><strong>oratione</strong></span> <span class='ocrx_word' id='word_1_247' title='bbox 894 1984 1074 2037; x_wconf 87' lang='lat' dir='ltr'><strong>obliqua,</strong></span> <span class='ocrx_word' id='word_1_248' title='bbox 1107 1996 1228 2037; x_wconf 87' lang='lat' dir='ltr'><strong>quam</strong></span> <span class='ocrx_word' id='word_1_249' title='bbox 1258 1983 1448 2035; x_wconf 80' lang='lat' dir='ltr'><strong>dicimuS‚</strong></span> <span class='ocrx_word' id='word_1_250' title='bbox 1481 1985 1630 2027; x_wconf 79' lang='lat' dir='ltr'><strong>transit</strong></span> <span class='ocrx_word' id='word_1_251' title='bbox 1660 1982 1712 2025; x_wconf 87' lang='lat' dir='ltr'><strong>ad</strong></span> 
     </span>
    </p>
   </div>
   <div class='ocr_carea' id='block_1_6' title="bbox 202 2056 1853 2113">
    <p class='ocr_par' dir='ltr' id='par_1_6' title="bbox 202 2056 1853 2113">
     <span class='ocr_line' id='line_1_27' title="bbox 202 2056 1853 2113; baseline -0.002 -12"><span class='ocrx_word' id='word_1_252' title='bbox 202 2060 397 2101; x_wconf 86' lang='lat' dir='ltr'><strong>directam</strong></span> <span class='ocrx_word' id='word_1_253' title='bbox 429 2058 781 2113; x_wconf 84' lang='lat' dir='ltr'><strong>(„acceperunt“)</strong></span> <span class='ocrx_word' id='word_1_254' title='bbox 803 2059 942 2111; x_wconf 84' lang='lat' dir='ltr'><strong>itaque</strong></span> <span class='ocrx_word' id='word_1_255' title='bbox 971 2058 1137 2099; x_wconf 90' lang='lat' dir='ltr'><strong>illorum</strong></span> <span class='ocrx_word' id='word_1_256' title='bbox 1156 2057 1409 2098; x_wconf 75' lang='lat' dir='ltr'><strong>sententiam</strong></span> <span class='ocrx_word' id='word_1_257' title='bbox 1429 2056 1567 2098; x_wconf 87' lang='lat' dir='ltr'><strong>reddit</strong></span> <span class='ocrx_word' id='word_1_258' title='bbox 1585 2069 1717 2101; x_wconf 80' lang='lat' dir='ltr'><strong>suam.</strong></span> <span class='ocrx_word' id='word_1_259' title='bbox 1803 2096 1809 2104; x_wconf 81' lang='grc'><em>,</em></span> <span class='ocrx_word' id='word_1_260' title='bbox 1851 2085 1853 2092; x_wconf 53' lang='lat'><em>2</em></span> 
     </span>
    </p>
   </div>
   <div class='ocr_carea' id='block_1_7' title="bbox 198 2129 1719 2480">
    <p class='ocr_par' dir='ltr' id='par_1_7' title="bbox 198 2129 1719 2480">
     <span class='ocr_line' id='line_1_28' title="bbox 202 2129 1719 2185; baseline -0.001 -10"><span class='ocrx_word' id='word_1_261' title='bbox 202 2156 256 2167; x_wconf 80' lang='lat'><strong>—-</strong></span> <span class='ocrx_word' id='word_1_262' title='bbox 288 2135 373 2177; x_wconf 88' lang='lat' dir='ltr'><strong>Liu.</strong></span> <span class='ocrx_word' id='word_1_263' title='bbox 398 2134 603 2185; x_wconf 85' lang='lat' dir='ltr'>XXXXV,</span> <span class='ocrx_word' id='word_1_264' title='bbox 634 2133 675 2184; x_wconf 87' lang='lat'><strong>3,</strong></span> <span class='ocrx_word' id='word_1_265' title='bbox 708 2132 756 2175; x_wconf 90' lang='lat'><strong>3:</strong></span> <span class='ocrx_word' id='word_1_266' title='bbox 801 2134 913 2173; x_wconf 90' lang='lat' dir='ltr'><strong>inter</strong></span> <span class='ocrx_word' id='word_1_267' title='bbox 944 2131 1194 2184; x_wconf 85' lang='lat' dir='ltr'><strong>„quosdam,</strong></span> <span class='ocrx_word' id='word_1_268' title='bbox 1239 2131 1312 2183; x_wconf 87' lang='lat' dir='ltr'><strong>qui</strong></span> <span class='ocrx_word' id='word_1_269' title='bbox 1340 2129 1575 2174; x_wconf 82' lang='lat' dir='ltr'><strong>tradidere“</strong></span> <span class='ocrx_word' id='word_1_270' title='bbox 1594 2162 1606 2183; x_wconf 88' lang='lat'><strong>‚</strong></span> <span class='ocrx_word' id='word_1_271' title='bbox 1654 2138 1719 2174; x_wconf 88' lang='lat' dir='ltr'><strong>est</strong></span> 
     </span>
     <span class='ocr_line' id='line_1_29' title="bbox 200 2203 1717 2262; baseline -0.001 -13"><span class='ocrx_word' id='word_1_272' title='bbox 200 2208 413 2262; x_wconf 72' lang='lat' dir='ltr'><strong>Polybius·‚</strong></span> <span class='ocrx_word' id='word_1_273' title='bbox 444 2220 485 2249; x_wconf 88' lang='lat' dir='ltr'><strong>u.</strong></span> <span class='ocrx_word' id='word_1_274' title='bbox 517 2208 602 2249; x_wconf 87' lang='lat' dir='ltr'><strong>Pol.</strong></span> <span class='ocrx_word' id='word_1_275' title='bbox 635 2207 835 2257; x_wconf 89' lang='lat' dir='ltr'><strong>XXVIIII,</strong></span> <span class='ocrx_word' id='word_1_276' title='bbox 868 2204 917 2257; x_wconf 81' lang='lat'><strong>7,</strong></span> <span class='ocrx_word' id='word_1_277' title='bbox 963 2204 1039 2246; x_wconf 90' lang='lat' dir='ltr'><strong>sed</strong></span> <span class='ocrx_word' id='word_1_278' title='bbox 1070 2216 1167 2245; x_wconf 90' lang='lat' dir='ltr'><strong>num</strong></span> <span class='ocrx_word' id='word_1_279' title='bbox 1198 2203 1340 2246; x_wconf 86' lang='lat' dir='ltr'><strong>Liuius</strong></span> <span class='ocrx_word' id='word_1_280' title='bbox 1385 2216 1474 2247; x_wconf 88' lang='lat' dir='ltr'><strong>eam</strong></span> <span class='ocrx_word' id='word_1_281' title='bbox 1503 2206 1717 2248; x_wconf 83' lang='lat' dir='ltr'><strong>narratio-</strong></span> 
     </span>
     <span class='ocr_line' id='line_1_30' title="bbox 198 2277 1718 2333; baseline -0.003 -10"><span class='ocrx_word' id='word_1_282' title='bbox 198 2295 294 2323; x_wconf 85' lang='lat' dir='ltr'><strong>nem</strong></span> <span class='ocrx_word' id='word_1_283' title='bbox 327 2293 469 2325; x_wconf 83' lang='lat' dir='ltr'><strong>ueram</strong></span> <span class='ocrx_word' id='word_1_284' title='bbox 498 2282 672 2333; x_wconf 86' lang='lat' dir='ltr'><strong>putarit,</strong></span> <span class='ocrx_word' id='word_1_285' title='bbox 720 2279 861 2320; x_wconf 89' lang='lat' dir='ltr'><strong>dubito</strong></span> <span class='ocrx_word' id='word_1_286' title='bbox 894 2279 947 2318; x_wconf 90' lang='lat' dir='ltr'><strong>ob</strong></span> <span class='ocrx_word' id='word_1_287' title='bbox 979 2278 1109 2318; x_wconf 85' lang='lat' dir='ltr'><strong>uerba</strong></span> <span class='ocrx_word' id='word_1_288' title='bbox 1139 2277 1226 2328; x_wconf 89' lang='lat' dir='ltr'><strong>ipsa</strong></span> <span class='ocrx_word' id='word_1_289' title='bbox 1259 2277 1499 2328; x_wconf 83' lang='lat' dir='ltr'><strong>„tradidere</strong></span> <span class='ocrx_word' id='word_1_290' title='bbox 1528 2277 1718 2331; x_wconf 86' lang='lat' dir='ltr'><strong>qnidam“</strong></span> 
     </span>
     <span class='ocr_line' id='line_1_31' title="bbox 200 2351 1718 2404; baseline -0.002 -7"><span class='ocrx_word' id='word_1_291' title='bbox 200 2361 244 2397; x_wconf 86' lang='lat' dir='ltr'><strong>et</strong></span> <span class='ocrx_word' id='word_1_292' title='bbox 272 2357 400 2397; x_wconf 71' lang='lat' dir='ltr'><strong>totIus</strong></span> <span class='ocrx_word' id='word_1_293' title='bbox 433 2354 686 2396; x_wconf 81' lang='lat' dir='ltr'><strong>narrationis</strong></span> <span class='ocrx_word' id='word_1_294' title='bbox 726 2352 898 2395; x_wconf 84' lang='lat' dir='ltr'><strong>formam</strong></span> <span class='ocrx_word' id='word_1_295' title='bbox 939 2351 1158 2404; x_wconf 83' lang='lat' dir='ltr'><strong>obliquam.</strong></span> <span class='ocrx_word' id='word_1_296' title='bbox 1221 2351 1381 2401; x_wconf 87' lang='lat' dir='ltr'><strong>Quibus</strong></span> <span class='ocrx_word' id='word_1_297' title='bbox 1411 2352 1517 2394; x_wconf 85' lang='lat' dir='ltr'><strong>locis</strong></span> <span class='ocrx_word' id='word_1_298' title='bbox 1534 2353 1569 2400; x_wconf 87' lang='lat'><strong>¹)</strong></span> <span class='ocrx_word' id='word_1_299' title='bbox 1598 2351 1718 2394; x_wconf 84' lang='lat' dir='ltr'><strong>affir-</strong></span> 
     </span>
     <span class='ocr_line' id='line_1_32' title="bbox 202 2424 1719 2480; baseline -0.003 -11"><span class='ocrx_word' id='word_1_300' title='bbox 202 2433 335 2469; x_wconf 81' lang='lat' dir='ltr'><strong>matur</strong></span> <span class='ocrx_word' id='word_1_301' title='bbox 366 2430 400 2468; x_wconf 90' lang='lat' dir='ltr'><strong>is</strong></span> <span class='ocrx_word' id='word_1_302' title='bbox 432 2440 537 2478; x_wconf 86' lang='lat' dir='ltr'><strong>mos,</strong></span> <span class='ocrx_word' id='word_1_303' title='bbox 569 2439 692 2480; x_wconf 87' lang='lat' dir='ltr'><strong>quem</strong></span> <span class='ocrx_word' id='word_1_304' title='bbox 724 2438 848 2478; x_wconf 90' lang='lat' dir='ltr'><strong>supra</strong></span> <span class='ocrx_word' id='word_1_305' title='bbox 880 2425 1057 2466; x_wconf 86' lang='lat' dir='ltr'><strong>diximus</strong></span> <span class='ocrx_word' id='word_1_306' title='bbox 1079 2424 1192 2465; x_wconf 90' lang='lat' dir='ltr'><strong>Liuio</strong></span> <span class='ocrx_word' id='word_1_307' title='bbox 1216 2425 1424 2478; x_wconf 80' lang='lat' dir='ltr'><strong>proprium</strong></span> <span class='ocrx_word' id='word_1_308' title='bbox 1452 2436 1549 2467; x_wconf 84' lang='lat' dir='ltr'><strong>esse</strong></span> <span class='ocrx_word' id='word_1_309' title='bbox 1575 2426 1618 2467; x_wconf 81' lang='lat' dir='ltr'><strong>in</strong></span> <span class='ocrx_word' id='word_1_310' title='bbox 1639 2425 1719 2465; x_wconf 89' lang='lat' dir='ltr'><strong>Po-</strong></span> 
     </span>
    </p>
   </div>
   <div class='ocr_carea' id='block_1_8' title="bbox 199 2548 1717 2789">
    <p class='ocr_par' dir='ltr' id='par_1_8' title="bbox 199 2548 1717 2789">
     <span class='ocr_line' id='line_1_33' title="bbox 295 2548 1717 2599; baseline -0.005 -10"><span class='ocrx_word' id='word_1_311' title='bbox 295 2554 335 2599; x_wconf 88' lang='lat'><strong>1)</strong></span> <span class='ocrx_word' id='word_1_312' title='bbox 359 2554 417 2587; x_wconf 82' lang='lat' dir='ltr'><strong>His</strong></span> <span class='ocrx_word' id='word_1_313' title='bbox 442 2553 526 2586; x_wconf 79' lang='lat' dir='ltr'><strong>locis</strong></span> <span class='ocrx_word' id='word_1_314' title='bbox 551 2564 619 2591; x_wconf 90' lang='lat' dir='ltr'><strong>non</strong></span> <span class='ocrx_word' id='word_1_315' title='bbox 644 2555 731 2589; x_wconf 87' lang='lat' dir='ltr'><strong>addo</strong></span> <span class='ocrx_word' id='word_1_316' title='bbox 754 2554 942 2596; x_wconf 84' lang='lat' dir='ltr'>XXXVIII,</span> <span class='ocrx_word' id='word_1_317' title='bbox 968 2554 1126 2594; x_wconf 86' lang='lat'><strong>55-57,</strong></span> <span class='ocrx_word' id='word_1_318' title='bbox 1150 2552 1207 2585; x_wconf 89' lang='lat' dir='ltr'><strong>ubi</strong></span> <span class='ocrx_word' id='word_1_319' title='bbox 1232 2551 1436 2595; x_wconf 85' lang='lat' dir='ltr'><strong>compluries</strong></span> <span class='ocrx_word' id='word_1_320' title='bbox 1459 2548 1593 2593; x_wconf 89' lang='lat' dir='ltr'><strong>quidem</strong></span> <span class='ocrx_word' id='word_1_321' title='bbox 1628 2548 1717 2582; x_wconf 82' lang='lat' dir='ltr'><strong>scri-</strong></span> 
     </span>
     <span class='ocr_line' id='line_1_34' title="bbox 200 2609 1715 2666; baseline -0.006 -11"><span class='ocrx_word' id='word_1_322' title='bbox 200 2628 335 2666; x_wconf 77' lang='lat' dir='ltr'><strong>ptorum</strong></span> <span class='ocrx_word' id='word_1_323' title='bbox 349 2620 520 2654; x_wconf 84' lang='lat' dir='ltr'><strong>dissensus</strong></span> <span class='ocrx_word' id='word_1_324' title='bbox 533 2624 747 2661; x_wconf 86' lang='lat' dir='ltr'><strong>memoratur,</strong></span> <span class='ocrx_word' id='word_1_325' title='bbox 772 2624 953 2662; x_wconf 85' lang='lat' dir='ltr'><strong>propterea</strong></span> <span class='ocrx_word' id='word_1_326' title='bbox 978 2616 1070 2661; x_wconf 88' lang='lat' dir='ltr'><strong>quod</strong></span> <span class='ocrx_word' id='word_1_327' title='bbox 1083 2614 1244 2664; x_wconf 61' lang='lat' dir='ltr'><strong>Polybius</strong></span> <span class='ocrx_word' id='word_1_328' title='bbox 1268 2615 1302 2649; x_wconf 88' lang='lat' dir='ltr'><strong>in</strong></span> <span class='ocrx_word' id='word_1_329' title='bbox 1326 2613 1446 2648; x_wconf 82' lang='lat' dir='ltr'><strong>talibus</strong></span> <span class='ocrx_word' id='word_1_330' title='bbox 1463 2609 1564 2645; x_wconf 87' lang='lat' dir='ltr'><strong>rebus</strong></span> <span class='ocrx_word' id='word_1_331' title='bbox 1580 2609 1636 2644; x_wconf 84' lang='lat' dir='ltr'><strong>uix</strong></span> <span class='ocrx_word' id='word_1_332' title='bbox 1652 2613 1715 2655; x_wconf 83' lang='lat' dir='ltr'><strong>pro</strong></span> 
     </span>
     <span class='ocr_line' id='line_1_35' title="bbox 201 2672 1716 2724; baseline -0.006 -6"><span class='ocrx_word' id='word_1_333' title='bbox 201 2683 293 2717; x_wconf 73' lang='lat' dir='ltr'><strong>rome</strong></span> <span class='ocrx_word' id='word_1_334' title='bbox 319 2693 395 2718; x_wconf 85' lang='lat' dir='ltr'><strong>esse</strong></span> <span class='ocrx_word' id='word_1_335' title='bbox 418 2681 562 2722; x_wconf 85' lang='lat' dir='ltr'><strong>solebat,</strong></span> <span class='ocrx_word' id='word_1_336' title='bbox 586 2692 618 2713; x_wconf 92' lang='lat' dir='ltr'><strong>u.</strong></span> <span class='ocrx_word' id='word_1_337' title='bbox 644 2691 720 2724; x_wconf 86' lang='lat' dir='ltr'><strong>pag.</strong></span> <span class='ocrx_word' id='word_1_338' title='bbox 744 2682 786 2723; x_wconf 89' lang='lat'><strong>6,</strong></span> <span class='ocrx_word' id='word_1_339' title='bbox 813 2681 1063 2723; x_wconf 84' lang='lat' dir='ltr'><strong>similitudines,</strong></span> <span class='ocrx_word' id='word_1_340' title='bbox 1100 2690 1184 2724; x_wconf 86' lang='lat' dir='ltr'><strong>quas</strong></span> <span class='ocrx_word' id='word_1_341' title='bbox 1218 2678 1294 2722; x_wconf 83' lang='lat' dir='ltr'><strong>quis</strong></span> <span class='ocrx_word' id='word_1_342' title='bbox 1317 2676 1477 2718; x_wconf 81' lang='lat' dir='ltr'><strong>indagare</strong></span> <span class='ocrx_word' id='word_1_343' title='bbox 1501 2673 1609 2717; x_wconf 81' lang='lat' dir='ltr'><strong>possit</strong></span> <span class='ocrx_word' id='word_1_344' title='bbox 1628 2672 1716 2709; x_wconf 86' lang='lat' dir='ltr'><strong>inter</strong></span> 
     </span>
     <span class='ocr_line' id='line_1_36' title="bbox 199 2736 1584 2789; baseline -0.005 -9"><span class='ocrx_word' id='word_1_345' title='bbox 199 2756 230 2779; x_wconf 87' lang='lat' dir='ltr'><strong>c.</strong></span> <span class='ocrx_word' id='word_1_346' title='bbox 254 2745 297 2779; x_wconf 86' lang='lat'><strong>55</strong></span> <span class='ocrx_word' id='word_1_347' title='bbox 324 2752 357 2779; x_wconf 77' lang='lat' dir='ltr'><strong>et</strong></span> <span class='ocrx_word' id='word_1_348' title='bbox 383 2744 449 2788; x_wconf 76' lang='grc' dir='ltr'><strong>κδ’,</strong></span> <span class='ocrx_word' id='word_1_349' title='bbox 473 2746 514 2780; x_wconf 83' lang='lat' dir='ltr'><strong>9a</strong></span> <span class='ocrx_word' id='word_1_350' title='bbox 539 2743 711 2789; x_wconf 78' lang='lat' dir='ltr'><strong>(Bekker)</strong></span> <span class='ocrx_word' id='word_1_351' title='bbox 736 2754 803 2778; x_wconf 89' lang='lat' dir='ltr'><strong>non</strong></span> <span class='ocrx_word' id='word_1_352' title='bbox 827 2749 904 2778; x_wconf 88' lang='lat' dir='ltr'><strong>sunt</strong></span> <span class='ocrx_word' id='word_1_353' title='bbox 928 2753 1041 2784; x_wconf 87' lang='lat' dir='ltr'><strong>uerae,</strong></span> <span class='ocrx_word' id='word_1_354' title='bbox 1066 2742 1127 2776; x_wconf 84' lang='lat' dir='ltr'><strong>sed</strong></span> <span class='ocrx_word' id='word_1_355' title='bbox 1150 2737 1395 2785; x_wconf 75' lang='lat' dir='ltr'><strong>congruentiae</strong></span> <span class='ocrx_word' id='word_1_356' title='bbox 1417 2736 1584 2773; x_wconf 70' lang='lat' dir='ltr'><strong>formicae.</strong></span> 
     </span>
    </p>
   </div>
  </div>
 </body>
</html>
