1835 2878
729 60 1090 114 -ΙῚ---μ

124 180 357 226 ditamentis
387 176 630 233 quibusdam
652 179 953 234 expingendas,
982 188 1069 220 non
1089 175 1256 229 dubium
1285 179 1364 229 est,
1392 174 1493 230 quin
1517 174 1638 217 etiam

124 258 169 300 in
197 256 262 297 his
291 252 479 310 partibus
507 252 707 296 historiae
736 252 886 296 multae
916 251 1248 307 discrepantiae,
1285 262 1393 305 quae
1421 261 1533 293 nunc
1558 260 1641 291 ex-

123 333 235 374 stant
261 329 372 371 inter
395 328 536 388 Polybi
566 332 821 380 contextum,
851 339 974 381 quem
1004 326 1193 379 dicimus,
1222 329 1266 366 et
1294 324 1398 376 Liui,
1428 324 1519 367 sola
1549 322 1641 366 cul-

124 403 191 458 pia
232 401 496 445 librariorum
536 402 621 445 sint
658 402 798 444 illatae
855 402 993 455 itaque
1027 398 1385 443 emendationibus
1429 397 1641 440 tollendae

125 476 271 528 (buius
300 480 465 531 quoque
493 476 558 517 rei
587 476 775 529 exempla
799 474 920 516 infra‘
937 474 1226 529 apparebunt).

240 549 421 596 Accedit
449 549 586 601 enim,
616 544 730 601 quod
772 547 1086 600 haudquaquam
1129 533 1535 599 praetermittendum
1564 546 1644 594 est,

101 620 103 622 ’
133 605 415 677 quodPolybi
442 621 572 663 uerba
601 621 645 662 in
664 620 862 662 librorum
885 618 1172 662 §NL—xxx.
1201 618 1388 672 reliquiis
1407 627 1493 659 non
1518 614 1564 658 in
1593 626 1647 657 ea

137 694 386 740 condicione
424 695 545 739 nobis
587 698 783 738 seruatae
811 699 932 748 sunt,
976 702 1055 748 qua
1094 695 1137 735 in
1162 693 1280 736 libris
1297 694 1459 747 1.-v.‚
1496 692 1574 737 sed
1601 693 1645 734 in

128 770 256 813 multo
295 770 454 824 peiore.
514 770 684 812 Illorum
725 772 835 811 enim
875 769 1077 811 librorum
1120 767 1351 824 fragmenta
1391 779 1485 809 cnm
1523 767 1644 810 nobis

128 842 277 899 partim
303 848 469 887 seruata
515 845 601 894 sint
630 844 673 885 in
709 844 991 898 posteriorum
1032 843 1281 897 scriptorum
1321 842 1533 896 operibus,
1561 842 1645 883 im·-

123 915 272 972 primis
304 918 543 969 Strabonis,
575 917 766 970 Josephi,
795 917 1020 969 Plutarchi,
1054 916 1273 968 Athenaei,
1294 915 1431 969 Steph.
1455 915 1645 970 Byzanti,

132 990 294 1044 Suidae‚
323 1002 401 1045 pro
430 990 606 1044 plurima
636 1001 743 1032 uero
773 994 889 1044 parte
917 991 960 1031 in
984 990 1178 1043 operibus
1201 993 1508 1044 excerptorum,
1538 1001 1648 1043 quae

131 1065 425 1106 Constantinus
442 1055 838 1118 Porphyrogenetus
860 1063 1049 1104 facienda
1076 1063 1249 1115 curauit,
1267 1067 1337 1105 aut
1360 1063 1403 1104 in
1422 1062 1649 1117 excerptis,

134 1146 244 1193 quae
275 1137 465 1180 dicuntur
496 1138 733 1191 „antiqua“,
765 1136 876 1179 edita
907 1138 957 1179 ab
984 1137 1215 1192 Heruagio,
1254 1149 1339 1179 non
1368 1141 1527 1180 tantum
1549 1138 1649 1181 uol-

137 1212 308 1267 garibus
338 1215 501 1253 scatent
529 1212 642 1252 uitiis
659 1241 672 1263 ,
711 1210 862 1264 quibus
902 1211 1039 1253 omnia
1077 1215 1267 1252 ueterum
1305 1211 1459 1264 scripta
1502 1210 1650 1253 defor-

67 1340 69 1344 Α
135 1289 241 1327 mata
273 1290 369 1327 sunt
380 1287 432 1336 ¹),
463 1284 540 1326 sed
567 1285 688 1326 etiam
719 1285 810 1326 aliis
842 1284 1028 1337 mendis,
1068 1296 1176 1337 quae
1206 1270 1365 1326 librarii
1395 1284 1651 1327 admiserunt

136 1370 216 1400 nec
246 1359 369 1400 inscii
404 1369 484 1400 nec
509 1358 653 1411 inuiti,
691 1357 768 1401 sed
816 1370 924 1413 quae
953 1358 1209 1402 exconsilio
1239 1358 1282 1401 in
1312 1362 1468 1401 textum
1496 1358 1651 1401 intule-

137 1437 236 1475 runt
264 1438 307 1474 et
336 1434 406 1486 qui
431 1433 609 1474 citabant
638 1437 681 1474 et
710 1434 779 1486 qui
811 1433 1101 1485 excerpebant.

253 1506 437 1560 Namque
465 1511 512 1547 ut
541 1505 594 1547 de
623 1506 704 1548 illis
726 1506 901 1560 primum
928 1505 1171 1562 fragmentis
1193 1506 1393 1560 dicamus,
1424 1516 1531 1561 quae
1553 1517 1653 1549 ser·

140 1584 237 1622 uata
262 1586 364 1621 sunt
392 1582 436 1622 in
463 1581 628 1632 scriptis
657 1585 868 1621 auctorum
898 1581 1190 1632 posteriorum,
1219 1582 1287 1633 qui
1310 1580 1377 1621 hic
1405 1580 1490 1621 illic
1506 1580 1653 1634 Polybi

59 1690 64 1699 .
142 1653 274 1696 uerba
304 1653 552 1705 attulerunt,
593 1654 667 1695 nix
698 1665 799 1707 opus
829 1652 994 1696 uidetur
1024 1665 1119 1696 esse
1148 1665 1321 1697 monere
1349 1666 1580 1709 perpaucos
1594 1661 1656 1697 ex

141 1733 333 1783 ueterum,
370 1739 542 1770 numero
587 1729 629 1769 in
666 1727 892 1770 afferendis
943 1728 1122 1769 aliorum
1165 1728 1415 1783 scriptorum
1457 1729 1563 1770 locis
1611 1728 1655 1771 id

142 1801 308 1857 egisse,
349 1804 396 1843 ut
434 1801 486 1842 ad
526 1801 699 1843 uerbum
739 1806 935 1844 accurate
973 1800 1199 1843 redderent
1229 1802 1369 1852 locos;
1413 1814 1466 1843 ex
1495 1814 1578 1855 qua
1606 1815 1656 1844 re

143 1876 284 1916 elucet
312 1877 354 1914 in
384 1874 626 1928 fragmentis
653 1875 794 1928 Polybi
824 1873 929 1927 apud
952 1875 1212 1928 posteriores
1232 1875 1459 1927 scriptores
1487 1879 1657 1916 exstan-

143 1948 252 1990 tibus
292 1946 452 2001 aliquas
492 1936 621 1989 uoces
667 1959 742 1989 seu
784 1948 1081 1989 sententIarum
1121 1953 1261 2000 partes
1293 1949 1557 2002 saepissime,
1604 1962 1658 1989 ne

143 2022 277 2062 dicam
306 2032 472 2074 semper
501 2021 606 2072 fere,
638 2032 724 2061 non
753 2020 887 2061 solum
917 2020 1141 2072 paullulum
1170 2021 1399 2063 immutatas
1432 2031 1553 2074 esse,
1583 2021 1659 2062 sed

145 2093 270 2135 etiam
299 2091 507 2134 interdum
539 2104 713 2147 prorsus
744 2094 934 2146 omissas,
967 2093 1020 2136 cf.
1052 2106 1089 2135 e.
1122 2108 1161 2149 g.
1194 2095 1333 2148 Polyb.
1356 2096 1501 2147 XXVI,
1538 2094 1589 2137 10
1617 2097 1657 2136 in

145 2166 299 2208 Athen.
330 2177 369 2218 p.
395 2164 480 2208 439
502 2166 542 2207 A
572 2171 614 2207 et
647 2164 726 2208 193
747 2166 1058 2220 D,⁸praeterea
1101 2167 1152 2212 cf.
1184 2168 1325 2223 Polyb.
1367 2168 1503 2220 XXII,
1539 2166 1590 2209 10
1619 2171 1661 2209 et

261 2266 301 2312 1)
323 2266 436 2312 Atque
458 2267 654 2312 uolgaribun
677 2270 812 2315 quidem
835 2271 926 2304 uitiis
948 2270 1046 2304 valde
1070 2276 1220 2311 scatere,
1253 2269 1321 2303 hoc
1342 2269 1386 2303 de
1409 2275 1506 2312 parte
1531 2280 1662 2311 eorum,

145 2329 276 2364 seilicet
296 2329 339 2363 de
363 2331 532 2373 excerptis
556 2334 647 2376 περὶ
673 2333 971 2378 πρεσβειῶνίαιιι
986 2331 1029 2366 ab
1054 2331 1125 2366 aliis
1148 2331 1312 2366 monitum
1336 2338 1399 2376 est,
1420 2343 1454 2367 u.
1484 2332 1662 2378 Schweig-

146 2392 283 2436 humer,
315 2392 393 2427 edit.
417 2392 538 2437 Polyb.
562 2399 588 2429 t.
617 2395 641 2437 I,
665 2395 775 2439 praef.
808 2405 842 2440 p.
870 2395 915 2429 18
937 2406 970 2439 q.
995 2406 1043 2436 s.,
1080 2400 1105 2428 t.
1129 2391 1169 2437 11,
1202 2395 1310 2438 praef.
1343 2406 1378 2440 p.
1404 2396 1449 2430 16
1476 2408 1510 2441 q.
1534 2407 1562 2430 s.
1620 2395 1662 2427 Vt

154 2456 344 2500 exemplum
366 2455 560 2498 afferamus,
585 2457 619 2490 in
643 2457 765 2502 Polybi
786 2457 863 2491 libri
881 2456 971 2490 XXI.
997 2456 1249 2492 undecim.fere
1274 2457 1457 2503 capitibus,
1483 2468 1568 2504 quae
1588 2463 1665 2492 sunt

146 2520 326 2562 superstite
349 2520 386 2555 in
407 2519 584 2564 excerptis
602 2522 692 2565 περὶ
717 2520 961 2566 πρεσβειῶν,
996 2527 1126 2565 septem
1151 2521 1248 2557 locos
1265 2522 1447 2558 lacunosos
1470 2521 1665 2565 deprehen-

147 2579 265 2624 dimus,
289 2594 377 2628 quos
401 2583 520 2627 partim
545 2582 600 2616 alii
623 2583 885 2627 inuestigarunt,
910 2583 1041 2618 seilicet
1065 2594 1095 2618 c.
1118 2583 1153 2627 8,
1179 2586 1211 2627 S.
1237 2585 1299 2627 1o;
1322 2595 1351 2619 c.
1370 2585 1435 2626 10,
1458 2583 1491 2628 S.
1508 2583 1666 2627 11-12;

146 2649 177 2743 ξ·
199 2640 254 2734 1¹42,
280 2643 317 2687 S.
347 2645 363 2680 1
387 2651 423 2680 et
445 2646 480 2688 5.
503 2646 537 2689 3,
562 2646 680 2691 partim
704 2656 769 2682 nos
792 2645 954 2693 detegere
977 2647 1064 2683 infra
1086 2648 1297 2691 tentabimus,
1321 2647 1453 2684 scilicet
1476 2659 1507 2683 e.
1531 2648 1567 2688 8.
1590 2648 1623 2695 S.
1634 2649 1666 2691 1,

171 2722 181 2734 .
277 2706 312 2735 et
336 2712 368 2737 c.
396 2704 453 2748 1⁴,
477 2703 512 2749 S.
539 2704 595 2740 10.

1373 2763 1403 2808 2
