1853 2860
789 80 1071 125 -24-

170 200 323 250 „sunt,
368 196 439 251 qui
476 217 531 226 —
582 193 800 247 tradant“,
840 194 1019 246 XXXV,
1045 180 1142 247 M,
1177 195 1204 237 5
1241 194 1465 248 „Claudius
1520 194 1690 238 secutus

168 268 358 313 Graecos
387 268 605 311 Acilianos
632 267 791 310 libros“
823 268 1096 310 nominantur
1125 271 1279 309 tantum
1297 299 1310 319 ,
1339 279 1425 311 non
1455 268 1693 317 laudantur3

167 343 361 395 XXXVI,
396 340 475 395 19,
518 339 572 385 12
600 341 790 384 Valerius
828 352 906 395 per
950 352 998 384 se
1037 340 1249 383 refutatur
1277 352 1353 393 eo,
1381 341 1503 397 ¹quod
1541 335 1693 397 „Poly-

165 416 236 458 bio
267 415 468 457 auctore“
509 427 559 457 se
595 414 817 468 scripsisse
856 413 954 456 dicit
995 414 1166 464 Liuius;
1203 413 1414 467 XXXVII,
1444 415 1517 466 48,
1554 416 1573 459 1
1605 415 1694 457 Va-

163 489 315 531 lerium
344 489 535 531 scribere
563 498 772 530 rumorem
801 488 1010 542 quendam
1054 487 1187 529 fuisse
1216 486 1359 528 refert
1401 498 1538 542 neque
1586 498 1692 532 uero

163 562 313 616 probat
321 576 335 613 ς
364 562 566 614 XXXVII,
587 561 659 614 60,
682 562 709 605 4
738 574 776 615 q.
795 574 839 617 ,S-
871 573 955 604 non
979 561 1187 604 Valerium
1215 563 1429 615 sequitur,
1467 561 1544 602 sed
1572 562 1693 614 alios,

167 637 281 678 inter
322 647 427 691 quos
457 635 654 692 Polybius
683 637 877 691 princeps
907 635 1039 681 fuisse
1069 635 1318 679 iudicandus
1351 639 1436 688 est3
1474 634 1695 689 xxxvm,

162 707 237 763 23,
267 708 296 752 8
326 722 366 763 q.
395 722 429 751 s.
471 722 552 751 nec
579 710 797 752 Claudium
838 722 919 751 nec
948 711 1158 751 Valerium
1188 711 1382 764 sequitur
1400 741 1412 762 ,
1443 710 1520 752 sed
1550 721 1695 752 nume-

163 794 260 824 rum
291 782 390 824 iniri
418 783 609 836 potuisse
637 786 765 838 negat
795 784 1061 825 consentiens
1091 783 1135 823 in
1167 777 1217 824 ea
1251 795 1301 824 re
1319 813 1331 834 ‚
1364 787 1410 824 ut
1438 784 1532 824 ueri
1560 782 1695 824 simile

168 855 335 910 quidem
388 860 454 899 est
499 867 593 897 cum
634 856 830 910 Polybi03
881 855 1117 908 XXXVIII,
1158 854 1240 908 41,
1275 854 1329 898 12
1368 855 1566 897 Claudius
1606 866 1695 897 non

162 928 374 979 laudatum
422 928 675 981 XXXVIIII,
715 928 798 980 56,
829 927 854 971 7
894 929 1086 971 Valerius
1139 928 1294 982 aliquid
1334 929 1504 972 tradere
1542 927 1695 989 dicitur
1781 952 1788 954 ξ

167 1024 224 1043 ·-.
250 995 362 1044 num
384 1007 502 1045 recte
531 1001 639 1044 tradi
668 1007 806 1057 putet,
852 1014 939 1044 non
980 1003 1094 1044 addit
1124 1003 1268 1045 Liuius
1301 1028 1373 1056 ——,
1408 1004 1522 1058 quod
1552 1004 1695 1059 Polybi

165 1077 415 1130 narrationi,
446 1088 486 1119 ιι.
513 1089 551 1131 p.
582 1074 633 1118 21
670 1088 706 1130 q.
726 1088 761 1119 s.
792 1075 948 1130 aliquid
980 1075 1128 1127 adicit3
1156 1076 1362 1130 XXXXII,
1395 1077 1451 1120 66
1483 1078 1693 1133 Polybium

165 1151 358 1204 sequitur
406 1162 490 1192 non
518 1150 699 1191 credens
729 1150 807 1201 iis,
859 1160 964 1203 quos
1010 1161 1132 1203 „esse
1164 1151 1239 1202 qui
1268 1173 1326 1182 —-
1357 1156 1553 1193 auctores
1583 1151 1693 1193 sint“

164 1228 193 1274 s
221 1224 252 1268 8
290 1221 426 1275 addit3
464 1223 699 1275 XXXXIII,
733 1223 807 1275 13,
839 1222 893 1267 12
920 1223 1060 1265 uerbis
1105 1223 1165 1277 „si
1195 1223 1372 1266 Valerio
1412 1224 1570 1266 Antiati
1598 1237 1694 1266 cre-

165 1295 264 1339 das“
301 1296 485 1349 indicat,
523 1307 572 1338 se
611 1296 652 1337 ei
689 1307 775 1338 non
804 1296 981 1338 credere
1011 1293 1114 1350 (sed
1136 1295 1359 1352 Polyhi0);
1387 1296 1591 1349 XXXXV,
1621 1297 1692 1350 40,

173 1370 194 1415 1
228 1370 415 1424 denique
444 1373 602 1411 tantum
632 1370 765 1422 abest,
796 1374 842 1410 ut
880 1370 1088 1412 Valerium
1118 1371 1325 1413 Antiatem
1353 1371 1525 1425 Polybio
1570 1376 1693 1413 ante-

163 1448 305 1498 ponat,
335 1447 383 1484 ut
410 1443 577 1485 refutet.
606 1466 666 1474 —
693 1443 788 1485 Non
817 1444 1059 1499 Ignoramus
1082 1444 1395 1498 equidemaliis
1427 1456 1593 1498 quoque
1622 1445 1693 1487 lo-

163 1518 226 1562 cis
268 1517 468 1560 librorum
504 1516 914 1563 XXXI.—-XXXXV.
947 1517 1088 1559 Valeri
1119 1518 1295 1560 Antiatis
1339 1518 1569 1560 aliorumue
1598 1518 1694 1561 fon-

162 1591 262 1634 tIum
292 1591 598 1646 discrepantias
629 1592 861 1643 nominari,
894 1591 971 1633 sed
1002 1604 1093 1633 cum
1123 1592 1181 1633 ibi
1208 1603 1293 1634 non
1316 1592 1485 1647 Polybio
1509 1585 1692 1648 oppositi

163 1678 260 1709 esse
289 1664 459 1720 putandi
486 1666 572 1708 sint
600 1666 671 1718 alii
700 1666 760 1708 illi
790 1666 928 1708 fontes
945 1697 958 1718 ,
999 1667 1168 1709 silentio
1199 1679 1276 1708 eos
1308 1667 1427 1709 locos
1457 1668 1691 1720 praeterire

163 1740 265 1782 licet
277 1740 328 1792 ¹).
390 1740 449 1781 Ita
480 1743 699 1795 postquam
730 1738 782 1780 ad
811 1739 932 1780 finem
946 1741 980 1791 ²)
1013 1739 1414 1783 considerandorum
1445 1752 1592 1783 eorum
1621 1741 1691 1784 lo-

165 1826 307 1856 corum
329 1845 342 1865 ‚
392 1813 545 1866 quibus
576 1813 697 1854 nobis
729 1812 871 1854 Liuius
902 1813 991 1865 ipse
1030 1814 1147 1866 quasi
1177 1814 1419 1866 pronuntiat
1449 1814 1604 1868 aliquId
1638 1814 1691 1856 de

172 1898 254 1929 usu
285 1897 365 1929 suo
396 1885 539 1941 Polybi
570 1885 827 1940 aliorumque
857 1886 1054 1939 sontium,
1092 1886 1303 1939 uenimus,
1334 1898 1538 1941 apparere
1569 1887 1689 1929 nobiS

164 1960 334 2003 uidetur
364 1964 523 2003 tantum
554 1960 705 2002 abesse
749 1965 794 2003 ut
825 1959 1112 2005 contradicant
1153 1961 1384 2002 sententiae
1424 1965 1594 2002 nostrae
1634 1961 1688 2002 de

165 2034 431 2086 condicione,
462 2046 569 2088 quae
598 2034 820 2076 intercedit
848 2034 958 2075 inter
975 2033 1189 2090 Polybium
1221 2038 1263 2074 et
1285 2033 1393 2075 alios
1424 2032 1564 2075 fontes
1580 2033 1687 2086 Liui,

164 2120 293 2162 supra
324 2109 536 2162 prolatae,
581 2112 626 2151 ut
652 2109 773 2161 iustis
810 2108 1065 2164 argumentis
1096 2107 1354 2149 confirment.
1413 2107 1554 2163 Itaque
1584 2107 1689 2150 haec

161 2184 391 2226 hactemus.

286 2257 468 2308 Restat,
512 2258 585 2306 ut,
629 2255 869 2308 priusquam
914 2252 965 2296 ad
998 2265 1086 2297 eam
1117 2253 1400 2307 quaestionem
1429 2255 1693 2308 accedamus,

259 2383 299 2429 ¹)
323 2383 371 2418 Ita
391 2382 533 2426 XXXII,
556 2383 621 2436 30,
645 2382 806 2426 XXXIII,
832 2381 898 2426 36,
929 2381 1100 2426 XXXIIII,
1125 2381 1190 2425 48,
1214 2380 1357 2425 XXXV,
1378 2382 1421 2426 2,
1446 2381 1605 2425 XXXVI,
1631 2381 1689 2426 38,

163 2447 355 2489 XXXVIII,
378 2447 444 2489 50,
468 2448 532 2490 55,
554 2446 703 2490 XXXX,
727 2446 794 2489 29,
819 2446 884 2488 50,
911 2445 1089 2488 XXXXV,
1114 2445 1153 2487 1,
1178 2446 1243 2488 43,
1269 2445 1391 2490 quibus
1415 2445 1581 2479 ommibus
1604 2443 1690 2479 locis

163 2510 328 2556 Polybius
366 2514 424 2544 aut
458 2519 597 2553 prorsus
620 2519 690 2545 non
712 2514 771 2545 aut
801 2509 905 2545 multo
928 2508 1039 2547 minus
1079 2518 1181 2555 quam
1214 2507 1270 2545 alii
1299 2508 1413 2546 fontes
1435 2507 1601 2543 adbibitus
1626 2510 1689 2549 est,

164 2586 199 2610 ιι.
291 2599 301 2610 .
325 2575 360 2610 6.

222 2585 298 2683 ιη,28)
320 2638 386 2673 Vix
409 2646 499 2682 opus
521 2645 598 2671 esse
619 2636 752 2671 uidetur
775 2646 939 2680 monere,
962 2635 1046 2671 tales
1069 2635 1180 2678 locos,
1204 2641 1242 2670 ut
1264 2632 1433 2675 XXXVII,
1457 2630 1517 2677 28,
1543 2631 1589 2666 10
1612 2632 1688 2677 „di-

169 2699 290 2743 citur“,
310 2711 382 2737 non
405 2699 612 2747 significare,
636 2698 779 2734 fontium
803 2699 1063 2744 discrepantiam
1090 2710 1110 2733 a
1135 2698 1232 2735 Liuio
1256 2696 1521 2732 animaduersam
1546 2706 1634 2735 csso.
