1835 2878
775 94 1058 143 ..27-

153 225 269 261 anno
291 210 385 265 5⁵8
405 212 591 260 'sb-uuit
618 212 810 266 xxxin,
836 211 1014 258 -27--35
1052 210 1267 254 historiam
1306 209 1409 255 belli
1445 218 1543 253 cum
1567 211 1669 255 Phi..

157 288 275 343 Uno
297 287 442 343 nosti.
488 287 641 333 deinde
669 287 791 332 redit·
824 287 876 331 ad
902 298 975 330 res
1007 285 1171 330 Italicas
1209 288 1251 326 et
1278 288 1532 340 postremum
1575 289 1669 339 apte

147 362 202 408 in
231 361 315 405 fine
339 362 466 406 totius
491 362 593 406 anni
621 361 792 413 nenati,
822 359 920 403 inde
949 373 972 402 a
1003 360 1139 413 capite
1160 356 1233 410 38,
1262 359 1445 412 exponit,
1477 369 1587 412 quae
1616 358 1669 400 de

111 490 113 492 Ι
152 434 363 480 Antiocho
403 435 581 490 aliisque
612 435 740 479 Asiae
776 433 952 489 regibus
995 430 1206 476 narranda
1249 435 1390 483 erant,
1434 435 1528 485 apte
1558 429 1669 483 dico,

157 508 255 563 quia
292 509 389 552 illae
425 521 499 557 res
542 509 637 553 iure
685 508 764 565 ipsi
813 505 1063 550 uidebantur
1106 505 1282 548 minoris
1310 505 1520 556 momenti,
1550 513 1670 557 quam

150 593 264 637 «quac
298 595 359 628 ex
399 583 552 627 Italicis
591 581 825 627 narrandae
868 581 1056 626 relicuae
1096 580 1286 626 fuerunt,
1325 579 1531 634 simulque
1555 589 1670 625 ‘eon-

154 660 358 713 grnentcr
395 668 486 699 cum
527 655 726 710 Polybio,
770 657 839 709 qui
887 666 959 697 res
990 654 1196 699 Asiaticas
1242 658 1285 697 ct
1312 653 1542 709 Aegyptias
1577 655 1669 707 ipse

148 730 197 776 iu
223 730 305 774 fine
334 740 537 774 annorum
564 741 741 774 narrate
768 729 948 780 solebat,
978 728 1030 773 cf.
1060 728 1396 782 Schweighaeus.
1426 728 1492 770 ed.
1524 727 1665 781 Polyb.

151 807 181 848 t.
200 803 261 855 V,
291 815 329 857 p.
360 802 514 861 495¹).
575 803 680 849 illud
710 804 837 858 igitur
872 816 980 846 >cum
1013 806 1197 849 constet,
1237 802 1394 846 Liuium
1423 814 1566 846 earum
1594 813 1669 845 re-

153 888 258 930 run,
287 888 389 932 quas
419 890 472 921 ex
487 878 655 931 Polybio
687 888 850 931 quoque
878 888 987 918 anno
1017 876 1231 928 redderet,
1261 876 1521 930 complexum
1549 875 1669 917 dein-

152 962 251 1004 ceps
280 962 364 994 uno
396 956 543 994 tenore
569 962 733 1003 ponere
762 951 930 994 solitum
959 961 1056 993 esse
1099 950 1193 992 aliis
1234 950 1360 992 rebus
1390 949 1500 993 haud
1531 950 1669 992 inter-

158 1023 328 1077 positis,
373 1023 455 1065 hoo
481 1024 563 1068 iam
586 1021 868 1079 quaerendffln
900 1023 977 1073 est,
1008 1023 1159 1075 quibus
1192 1023 1447 1076 argumentis
1492 1021 1669 1064 ducatur

150 1096 193 1139 in
220 1096 442 1140 tribuendo
487 1109 606 1142 suum
645 1097 780 1142 locum
829 1096 916 1141 illis
956 1096 1081 1140 rebus
1112 1096 1221 1139 inter
1251 1096 1354 1140 alias
1400 1107 1470 1140 res
1502 1106 1668 1149 quoqne

150 1182 264 1214 anno
294 1170 539 1219 narrandas.

268 1244 407 1298 Ablue
436 1246 608 1298 primum
638 1243 805 1298 quidem
841 1243 915 1286 uix
953 1243 1122 1287 uidetur
1161 1243 1414 1286 monendum
1450 1255 1576 1295 esse,
1624 1244 1668 1285 in

147 1318 385 1364 uniuersum
434 1317 620 1372 pendere
651 1330 674 1361 a
705 1323 935 1372 temporum
974 1318 1141 1360 ratione
1179 1316 1369 1359 ordinem
1400 1317 1563 1361 illarum
1591 1329 1668 1362 re-

248 1458 285 1505 1)
307 1459 378 1495 Nec
399 1459 509 1497 minus
532 1469 656 1495 causae
678 1459 780 1494 hahet
792 1459 969 1505 dispositio
992 1459 1048 1495 illa
1071 1460 1107 1494 in
1129 1459 1209 1495 anni
1233 1460 1299 1495 561
1320 1459 1439 1495 rebus:
1464 1460 1556 1506 quod
1580 1459 1668 1495 enim

148 1522 216 1557 illic
237 1534 259 1556 a
296 1533 326 1558 c.
351 1523 397 1556 60
420 1521 515 1567 (inde
538 1523 628 1556 enim
649 1521 737 1556 malo
761 1522 848 1556 hanc
882 1521 1077 1571 particulam
1113 1522 1242 1557 initium
1270 1532 1395 1566 capere
1426 1534 1526 1568 qnam
1549 1533 1570 1556 a
1591 1532 1667 1567 cap.

147 1587 204 1629 57,
228 1596 296 1631 quo
320 1591 497 1619 narrantur
520 1596 575 1620 res
599 1584 724 1619 Romae
748 1586 883 1631 gestae)
906 1595 978 1619 rem
1002 1585 1044 1619 ad
1067 1585 1183 1620 Asiam
1207 1591 1242 1620 et
1264 1585 1306 1620 ad
1327 1585 1463 1621 Poenos
1488 1585 1666 1630 pertinen-

147 1655 225 1692 tem,
251 1660 350 1694 quam
373 1654 465 1683 certe
490 1659 532 1682 ex
555 1648 698 1693 Polybio
721 1649 882 1693 sumpsit,
904 1659 1043 1683 narrare
1067 1650 1200 1693 coepit,
1225 1649 1296 1683 eius
1318 1649 1370 1683 rei
1393 1660 1528 1683 cansam
1553 1660 1584 1683 c.
1609 1649 1666 1692 60,

149 1712 167 1746 1
193 1713 268 1757 ipse
299 1712 483 1757 significat3
513 1722 590 1746 nam
622 1721 664 1746 ex
694 1711 808 1745 uerbis
835 1714 1020 1755 „uia-dum.-
1051 1712 1076 1745 ii
1108 1712 1255 1755 profecti
1285 1712 1401 1747 erant“
1435 1712 1548 1757 prodit
1566 1711 1602 1745 in
1625 1711 1666 1745 iis

148 1774 319 1819 fontibus,
341 1785 428 1820 quos
453 1775 595 1809 maxime
618 1779 754 1809 secutus
768 1772 822 1815 pit
845 1784 876 1809 c.
901 1772 965 1817 59,
990 1780 1024 1808 et
1046 1775 1129 1819 ipsis
1153 1785 1195 1809 ea
1217 1780 1334 1809 secuta
1353 1785 1439 1818 esse,
1465 1785 1553 1821 quae
1576 1785 1667 1809 nnnc

145 1839 181 1870 in
198 1837 275 1870 Liui
297 1848 326 1870 c.
342 1837 387 1871 60
411 1848 443 1881 q.
459 1848 485 1870 s·
512 1841 653 1879 exstant,
677 1838 802 1882 quippe
826 1847 913 1882 qnae
938 1842 1126 1881 temporum
1143 1838 1232 1871 serie
1254 1843 1326 1871 arte
1350 1838 1566 1873 cohaeserint
1587 1847 1665 1871 cum

146 1899 222 1942 illis,
246 1910 335 1946 quae
357 1905 621 1934 antecesserunt.
671 1899 769 1941 Quod
793 1909 877 1933 uero
903 1899 988 1934 libro
1014 1899 1150 1935 XXXV
1173 1909 1243 1933 non
1266 1894 1376 1935 statim
1397 1900 1571 1934 continuat
1593 1910 1662 1942 res,

148 1973 235 2014 quas
260 1963 326 1996 hoc
350 1972 440 1997 anno
466 1972 508 1996 ex
532 1961 674 2007 Polybio
699 1961 823 2004 hausit,
854 1961 932 1995 inde
961 1967 1072 1996 ortum
1096 1967 1165 2003 est,
1195 1961 1287 2007 quod
1313 1972 1389 2004 res,
1421 1970 1509 2008 quae
1540 1972 1664 1998 reuera

145 2011 267 2083 librum
291 2024 425 2084 XXXV.
451 2025 686 2070 exordiuntur,
719 2035 789 2060 non
811 2031 906 2060 erant
937 2007 1115 2070 ponendae
1147 2031 1226 2070 post
1250 2036 1280 2059 c.
1309 2026 1396 2060 12—
1401 2025 1456 2068 19,
1480 2031 1663 2071 propterea

144 2075 240 2133 quod
264 2089 310 2122 ita
333 2099 402 2131 res,
428 2099 514 2133 quae
538 2089 704 2132 principio
729 2083 807 2123 anni
831 2089 905 2133 geri
929 2095 1071 2133 coeptae
1094 2094 1218 2131 essent,
1242 2100 1276 2123 ιι
1291 2088 1426 2131 XXXV,
1453 2087 1662 2133 1‚1,posi-

147 2157 201 2185 tae
225 2157 340 2186 essent
361 2158 534 2195 postremo
572 2152 649 2186 loco
683 2153 770 2186 inter
799 2163 915 2187 omnes
947 2163 1003 2187 res
1035 2163 1077 2187 eo
1110 2164 1199 2187 anno
1231 2158 1355 2197 gestas.
1402 2152 1451 2186 lta
1480 2152 1548 2186 hoc
1572 2161 1661 2185 anno

145 2223 216 2246 non
255 2214 367 2256 potuit
398 2218 467 2247 non
505 2224 582 2248 esse
614 2214 770 2258 bipartita
801 2209 941 2249 historia
975 2225 1088 2249 rerum
1119 2226 1162 2249 ex
1193 2215 1337 2259 Polybio
1362 2220 1576 2257 sumptorum.
1623 2213 1661 2246 In

144 2286 235 2310 anno
258 2276 347 2318 552,
383 2286 460 2310 cum
484 2276 626 2320 XXXV,
649 2278 695 2312 34
718 2279 924 2313 mentionem
955 2278 1076 2313 fecerit
1109 2289 1223 2313 earum
1247 2288 1377 2319 rerum,
1403 2286 1486 2321 quas
1509 2276 1662 2320 pararint

144 2339 284 2373 Romani
296 2340 530 2382 praeuidentes
546 2340 668 2374 bellum
679 2351 755 2375 cum
768 2341 937 2375 Antiocho
957 2341 1152 2385 gerendum,
1175 2341 1345 2383 aptissime
1357 2340 1469 2374 statim
1494 2345 1656 2374 secuntur

146 2412 178 2437 c.
202 2401 246 2435 35
272 2411 334 2435 eae
356 2411 410 2436 res
437 2402 585 2437 Graecae
608 2404 765 2438 Romanis
788 2405 973 2446 immixtae,
998 2403 1041 2437 cf.
1066 2403 1122 2445 40,
1148 2402 1179 2445 1,
1205 2412 1292 2448 quae
1316 2402 1408 2439 illam
1432 2403 1659 2446 suspicionem

145 2475 215 2499 non
237 2464 355 2499 falsam
379 2465 483 2499 fuisse
508 2466 681 2508 euincant;
711 2466 824 2501 relatis
848 2466 969 2500 deinde
992 2464 1095 2501 rebus
1117 2466 1153 2499 in
1176 2464 1270 2500 Italia
1291 2467 1413 2512 gestis,
1437 2475 1524 2510 quae
1546 2465 1657 2508 primo

146 2538 284 2574 quoque
312 2533 467 2571 tempore
499 2534 595 2561 erant
627 2528 838 2570 referendae,
875 2537 904 2561 c.
929 2526 1065 2560 40-41
1090 2527 1133 2561 ad
1152 2528 1356 2562 Antiochum
1388 2527 1485 2571 pergi
1513 2531 1658 2570 poterat,

146 2602 175 2627 c.
189 2591 341 2630 42—51.
375 2590 534 2626 Fortasse
549 2589 613 2625 hae
629 2600 684 2625 res
708 2590 742 2624 in
762 2589 906 2636 Polybio
923 2590 999 2635 ipso
1013 2590 1060 2626 ita
1076 2589 1254 2636 bipartitae
1271 2596 1376 2634 erant,
1393 2588 1436 2624 cf.
1451 2588 1658 2636 Schweigh„

143 2654 165 2689 l.
190 2665 292 2700 supra
316 2666 344 2690 s.
389 2654 519 2690 Eodem
550 2654 654 2689 modo
668 2680 678 2697 ,
713 2663 781 2699 quo
813 2654 849 2688 in
873 2653 925 2689 his
949 2655 1056 2699 annis,
1080 2655 1180 2691 etiam
1202 2655 1236 2689 in
1259 2653 1353 2688 annis
1377 2652 1458 2696 554,
1481 2652 1563 2697 563,
1587 2653 1657 2689 586

143 2726 267 2760 graues
292 2730 416 2755 causae
437 2719 566 2762 adsunt,
591 2728 678 2763 quae
701 2717 831 2752 Liuium
854 2728 874 2752 a
899 2718 1041 2754 consilio
1066 2729 1129 2755 sno
1151 2718 1313 2753 recedere
1335 2716 1515 2755 iusserunt.
