1853 2860
795 66 1081 126 ..ιθ-

171 182 326 225 riarum
377 180 558 236 partibus
598 192 691 223 cum
739 180 940 234 paruolae
989 180 1191 234 quaedam
1235 174 1541 236 discrepantiae
1581 176 1703 228 inter‘„

170 256 300 298 uerba
351 255 440 296 Liui
484 257 526 294 et
571 252 712 309 Polybi
762 263 1059 308 nonnunquam
1105 246 1360 307 appareant,
1411 265 1516 310 qaas
1546 239 1699 312 rehum

169 330 290 372 aliter
318 340 367 370 se
410 326 660 370 habentibus
700 326 968 373 librariorum
1000 328 1197 375 -incuriaie
1237 327 1341 380 dare
1379 326 1527 390 culpae
1549 329 1689 387 -nohis
1742 339 1745 342 ·

167 413 252 443 non
281 402 430 444 liceret
457 405 600 456 utpote
628 401 730 443 ratis
759 401 930 444 alterius
951 401 1321 455 scriptorismerba
1348 413 1446 450 esse
1460 403 1692 464 «exaltare

165 474 442 528 emendanda,
473 486 600 527 nunc,
630 475 700 517 ubi
730 474 893 517 Liuium
925 475 1093 530 Polybio
1114 476 1218 518 solo
1247 475 1365 519 fonte
1393 477 1437 523 in
1467 468 1690 537 liberal-tus

165 561 285 592 usum
316 560 413 591 esse
444 549 823 591 demonstrauimus
838 580 851 601 ,
882 553 1033 593 nostro
1061 550 1155 593 iure
1185 549 1329 595 dicere
1357 559 1587 607 possumus·
1605 550 1688 595 illis

162 623 268 664 locis
295 626 502 677 corrupta,
520 635 617 665 esse
643 623 817 665 alterius
846 624 979 665 utrius
1010 624 1143 669 uerba
1172 628 1216 665 et
1244 622 1505 673 emendanda
1533 635 1589 675 ex
1619 623 1701 666 al·

165 701 274 748 tero,
304 697 552 750 praesertim
578 707 672 738 cum
702 707 847 740 omnes
876 696 972 739 illae
1010 696 1316 752 discrepantiae
1356 696 1555 746 facillime
1581 708 1688 757 pos-

165 772 251 814 sint
291 772 649 813 emendationibus
686 772 910 816 remoueri.
984 771 1135 814 Mirum
1169 772 1278 813 enim
1326 772 1519 827 profecto
1557 777 1687 829 esset,

84 852 87 856 ·
166 846 202 887 si
234 846 277 887 in
308 848 419 886 tanta
451 849 494 886 et
523 844 666 901 Polybi
696 848 738 885 et
767 844 857 886 Liui
889 844 1090 888 librorum
1130 846 1399 900 corruptione
1427 838 1568 889 nullae
1597 846 1688 889 eius

162 917 281 961 modi·
303 923 522 961 exstarent
552 919 840 973 corruptelae,
871 931 979 972 quae
1009 931 1106 962 eum
1137 932 1412 973 consensum,
1452 920 1523 975 qui
1552 924 1689 966 exstat

161 993 271 1035 inter
299 997 520 1047 utrumque
548 994 812 1047 scriptorem,
840 993 1069 1046 turbarent,
1098 1005 1194 1037 nam
1223 993 1488 1048 corruptelae
1518 999 1686 1039 exstare

160 1068 300 1110 solent
328 1078 527 1122 genetum
558 1068 734 1107 maxime
776 1068 1012 1118 uariorum;
1059 1069 1117 1109 ita
1147 1081 1241 1109 cum
1281 1070 1361 1110 iam
1397 1081 1473 1122 per
1498 1080 1547 1111 se
1576 1069 1683 1113 illud

160 1141 216 1183 sit
242 1139 566 1194 exspectandum
584 1170 597 1193 ‚
619 1139 744 1181 ‘forte
783 1139 950 1183 fortuna
995 1140 1181 1194 plurimis
1216 1141 1348 1192 locis,
1390 1142 1557 1195 quibus.
1585 1154 1683 1185 mu-

157 1215 327 1258 tandum
359 1220 453 1267 est,
489 1214 698 1257 accedere
737 1215 846 1256 solet
883 1215 1071 1257 secunda
1110 1227 1278 1270 quoque
1308 1220 1350 1258 et
1387 1217 1512 1260 tertia
1540 1229 1685 1272 causa,

160 1302 268 1344 quae
296 1293 459 1331 mutare
488 1289 651 1341 iubeat,
687 1289 743 1331 ita
773 1293 819 1330 ut
847 1289 976 1345 uolgo
1019 1290 1075 1332 ob
1112 1290 1194 1332 alia
1232 1302 1400 1346 quoque
1439 1295 1682 1346 argumenta

158 1364 213 1404 de
251 1364 489 1417 corruptela
530 1363 707 1405 dubitari
744 1349 830 1404 non
870 1364 1028 1417 possit..
1076 1364 1231 1413 Quibus
1276 1365 1397 1406 locis·
1419 1377 1512 1407 cum
1552 1367 1684 1408 totius

156 1439 222 1480 rei
251 1438 355 1480 fides
385 1439 441 1480 sit
469 1437 735 1491 confirmata,
764 1438 887 1481 latius
927 1438 1283 1494 progrediendum
1314 1445 1379 1482 est
1408 1443 1463 1492 et,
1494 1440 1613 1483 etiam
1644 1442 1683 1483 si

158 1513 323 1566 quando
354 1523 441 1553 non
472 1512 635 1554 accedit
664 1513 742 1554 alia
772 1523 919 1559 causa,
940 1513 997 1554 ibi
1028 1524 1219 1566 quoque,
1241 1514 1311 1555 ubi
1335 1514 1437 1556 nihil
1466 1515 1548 1556 nisi
1578 1525 1682 1555 con-

157 1599 310 1630 sensus
341 1588 450 1629 inter
479 1586 639 1629 Liuium
679 1591 721 1629 et
752 1587 963 1642 Polybium
1005 1588 1194 1630 turbatus
1234 1593 1299 1630 est
1341 1589 1535 1642 idemque
1564 1588 1680 1645 facili

157 1662 386 1702 mutatione
407 1661 570 1702 restitui
593 1664 732 1713 potest
754 1682 804 1690 -
828 1660 941 1713 quod
962 1660 1127 1713 quidem
1153 1672 1318 1715 semper
1337 1661 1409 1702 flet
1434 1685 1506 1712 —‚
1538 1673 1682 1703 emen·-

157 1735 340 1778 dandum
370 1746 468 1777 esse
507 1736 586 1776 iam
616 1739 797 1788 apparet.
857 1734 1042 1777 Diximus
1072 1746 1211 1788 nunc,
1255 1746 1309 1776 ne
1338 1733 1420 1777 hoc
1449 1734 1678 1778 obliuisca-

155 1810 246 1862 ris,
290 1810 343 1852 de
383 1810 434 1851 iis
474 1813 629 1852 tantum
669 1809 881 1863 particulis
913 1809 1207 1863 historiarum,
1231 1819 1354 1864 'quae
1386 1810 1583 1852 exhibent
1607 1822 1678 1854 res

158 1884 340 1927 Graecas
371 1885 480 1927 inter
512 1884 698 1927 Graecos
726 1889 892 1940 gestas,
935 1886 1088 1939 quibus
1118 1898 1203 1928 non
1231 1886 1467 1927 intererant
1494 1885 1679 1937 Romani,

155 1962 379 2012 propterea
418 1957 530 2012 quod
575 1958 638 2000 his
682 1959 787 2001 solis
829 1959 934 2001 locis
969 1959 1112 2002 Liuius
1148 1959 1319 2013 Polybio
1370 1958 1464 1999 solo
1514 1958 1680 2000 uidetur

155 2043 260 2073 usus
291 2043 396 2075 esse.
1591 2089 1594 2091 -
1629 2032 1632 2035 ’

273 2105 379 2146 Huic
425 2118 529 2148 uero
572 2104 709 2148 ordini
754 2116 867 2146 nunc
906 2105 1003 2161 licet
1047 2105 1222 2153 alterum
1260 2104 1394 2157 illum,
1437 2116 1478 2146 u.
1510 2117 1604 2161 pag.
1634 2103 1677 2158 6,

153 2178 210 2233 8,
251 2184 500 2232 annectere,
539 2181 611 2233 qui
659 2180 977 2233 comprehendit
1015 2191 1087 2220 res
1128 2179 1309 2221 Graecas
1351 2191 1440 2221 cum
1480 2180 1675 2221 Romanis

153 2259 309 2310 gestas.
370 2254 515 2298 Liuius
546 2254 657 2296 enim
687 2266 794 2307 cum,
825 2258 872 2295 ut
908 2265 1035 2307 supra
1065 2252 1269 2307 diximus,
1304 2254 1346 2295 in
1376 2254 1441 2296 his
1471 2253 1675 2297 historia-

152 2341 248 2371 rum
284 2331 468 2382 partibus
499 2331 556 2371 ita
584 2340 684 2371 usus
741 2340 837 2369 esse
878 2328 1069 2369 uideatur
1098 2328 1268 2381 Polybio
1286 2359 1298 2380 ,
1343 2334 1390 2369 ut
1419 2340 1513 2370 eum
1542 2324 1676 2372 solum

153 2401 317 2458 quidem
348 2402 505 2445 fontem
530 2414 616 2445 non
642 2402 846 2455 adhibeat,
875 2402 950 2444 sed
981 2406 1134 2454 tamen,
1167 2402 1401 2456 ubicunque
1430 2401 1675 2453 discrepan-

153 2480 208 2520 tia
238 2479 350 2519 inter
381 2477 596 2531 Polybium
627 2481 665 2518 et
700 2478 840 2519 fontes
871 2477 1081 2519 Romanos
1111 2481 1267 2529 exstat,
1306 2477 1447 2532 uolgo:
1465 2475 1676 2528 praeferat

155 2552 370 2609 Polybium·
401 2575 453 2583 —-
487 2564 581 2593 nam
611 2552 640 2592 ii
669 2552 778 2605 loci,
806 2552 959 2606 quihus
989 2551 1073 2595 hoe
1101 2563 1186 2594 non
1217 2550 1380 2603 accidit,
1411 2553 1510 2592 sunt
1538 2549 1672 2591 raris-

156 2627 248 2667 simi
278 2632 319 2667 et
347 2628 499 2669 nullius
535 2624 626 2667 fere
671 2626 931 2667 auctoritatis
962 2650 1017 2658 —-
1048 2631 1091 2668 et
1118 2627 1202 2669 illis
1233 2624 1420 2666 fonti-bus
1448 2624 1509 2664 uti
1537 2623 1673 2667 soleat

158 2701 366 2744 dumtaxat
394 2702 445 2744 ad
475 2706 563 2755 res,
594 2711 699 2755 quas
729 2712 784 2743 ex
813 2699 984 2756 Polybio
1014 2701 1196 2755 recepit,
1226 2696 1490 2741 exornandas
1520 2702 1564 2741 et
1592 2698 1671 2742 ad-
