1835 2878
147 234 274 282 binio«
295 229 654 278 fontesvflraeeos
682 236 771 272 'non
816 230 944 273 fuisse
981 230 1038 273 ad
1065 239 1260 284 manum,
1298 228 1525 271 adiciemus
1562 229 1662 272 alias

146 296 461 361 onustusque
479 306 583 348 <hoc
608 306 835 348 eumcum·
890 305 1067 347 Primum
1110 304 1236 346 enim-
1254 308 1408 346 tantum
1439 303 1578 355 abest,
1619 308 1664 345 ut

99 390 102 393 “
147 380 476 427 Graecosillos-
499 380 634 424 fontes
673 380 814 434 aliquo.
849 378 943 435 loco
984 379 1227 421 nominatim
1268 378 1481 432 appellarit
1508 377 1663 430 Liuius,

144 459 282 499 urz-ne
311 456 407 498 ‘ulla
426 445 606 509 'quidem
647 466 756 496 uoee
794 454 943 495 iustum
988 455 1271 506 suspicionem
1320 453 1442 494 nobis
1480 456 1662 504 moueat,

142 533 315 583 praeter,
337 529 724 584 Polybium—fontes
755 527 940 569 Graecos
970 527 1051 567 sibi
1091 528 1246 569 auxilio
1287 526 1430 569 fuisse.
1488 525 1663 568 Accedit

143 597 429 659 argumentum
460 602 586 643 multo
610 602 805 657 grauius
822 601 927 653 hoc,
967 598 1078 654 quod
1107 612 1156 642 re
1185 613 1262 655 per
1300 612 1350 643 se
1379 605 1567 654 spectata
1596 604 1663 640 est

143 678 236 722 ueri
252 676 592 732 dissimillimum,
629 676 789 718 Liuium
817 679 983 729 praeter
1013 674 1223 729 Polybium
1252 675 1495 718 auctoribus
1525 673 1661 716 Grae-

145 743 511 793 cis<usum=esse=
554 755 743 804 namque*
762 750 905 792 Liuius
945 753 1061 791 certe
1100 749 1283 791 fontibus
1315 749 1489 791 Graecis
1517 748 1662 802 perle-¹

143 823 295 880 gendis
326 823 724 878 perscrutandisqu'e=
750 835 919 878 operam
938 834 1031 864 vnon
1062 821 1199 874 dedit,
1233 823 1313 864 nisi
1342 826 1465 864 erant
1492 822 1662 877 grauis-

144 899 245 940 sima
275 898 521 940 auctoritate
552 902 594 939 et
622 897 703 940 fide
733 897 905 949 maiore,
934 908 1057 950 quam
1077 896 1251 939 Romani
1260 910 1274 947 3
1303 897 1427 939 huius
1448 897 1566 950 ‚enim
1595 890 1662 938 rei

96 1022 100 1025 μ
144 959 271 1014 causa
297 977 358 1013 ne
379 983 490 1013 nunc
518 971 683 1023 quidem
713 971 882 1011 anobis
913 970 1147 1023 excogitari
1186 975 1354 1022 posset,
1384 970 1536 1011 nedum
1566 970 1660 1012 talis

144 1057 246 1088 usus
262 1044 491 1087 necessitas
507 1043 687 1097 perspici
703 1043 908 1097 potuisset
923 1042 974 1084 ab
990 1042 1222 1085 hominibus
1238 1042 1404 1086 illorum
1419 1047 1662 1098 temporum,

142 1119 401 1174 quibusfnon
433 1117 581 1160 eodem
609 1117 752 1170 modo,
782 1129 864 1171 quo
894 1122 1038 1176 nostra
1059 1121 1207 1169 aetate,
1238 1118 1280 1158 in
1311 1129 1441 1172 opere
1471 1117 1661 1171 quolibet

148 1192 435 1248 componendo
467 1203 625 1244 omnes,
653 1191 722 1245 qui
753 1190 806 1232 de
837 1190 981 1232 eadem
1001 1191 1172 1232 materia
1202 1191 1428 1244 scriptores
1458 1203 1544 1233 non
1565 1192 1663 1234 mali

147 1266 379 1317 exstabant,
412 1266 455 1305 in
472 1264 667 1305 auxilium
686 1263 873 1306 uocandi
886 1268 928 1303 et
946 1264 1192 1318 perlegendi
1212 1265 1463 1306 uidebantur
1488 1277 1566 1305 seu
1596 1265 1663 1307 illi

143 1339 408 1393 scripserant
436 1337 579 1384 Latina
621 1337 763 1392 lingua
801 1347 878 1378 seu
918 1336 1078 1388 aliena,
1118 1337 1196 1378 sed
1242 1337 1388 1391 quibus
1430 1338 1661 1393 scriptores

143 1417 265 1454 erant
286 1415 289 1420 ’
309 1413 492 1453 contenti
516 1415 640 1471 ‘certo
670 1410 864 1464 quodam,
895 1411 966 1464 q‘ui
994 1411 1191 1452 sufficere
1220 1412 1455 1465 uideretur,
1485 1412 1660 1454 fontium

140 1490 316 1527 numero
356 1496 441 1527 non
479 1488 672 1526 curantes
716 1484 878 1527 relicua
927 1485 1104 1537 scripta:
1151 1489 1370 1538 praeterea
1408 1485 1577 1541 Liuius,
1614 1490 1660 1528 ut

82 1605 88 1607 v
138 1560 426 1602 Lachmaunus
457 1566 638 1613 quoque,
669 1559 692 1600 l
723 1571 755 1600 s,
786 1558 818 1610 1,
849 1571 887 1611 p.
915 1556 990 1610 31,
1022 1564 1161 1600 annot.
1192 1556 1234 1601 2.
1273 1561 1501 1602 occasione
1532 1573 1556 1601 a
1576 1560 1658 1620 lin-

138 1635 205 1676 cio
237 1632 374 1675 oblata
403 1636 519 1674 recte
552 1636 715 1684 monet,
758 1633 811 1674 ob
850 1632 983 1674 solam
1022 1633 1191 1688 linguae
1223 1633 1410 1675 Graecae
1441 1634 1657 1676 scientiam

141 1711 327 1749 mancam
357 1711 399 1747 et
439 1707 501 1748 ob¹
522 1707 755 1760 superbiam
796 1706 1001 1760 quandam
1043 1708 1196 1760 cuique
1234 1708 1326 1749 uiro
1358 1708 1541 1750 Romano
1575 1720 1658 1750 na-

139 1785 230 1823 tu‘ra
260 1782 421 1823 insitam
452 1793 536 1823 non
565 1781 721 1834 putauit
764 1792 816 1822 ex
847 1780 1019 1822 Graecis
1046 1782 1144 1823 ‘sibi
1188 1793 1282 1823 esse
1313 1782 1584 1824 hauriendum
1614 1784 1658 1825 in

139 1854 359 1895 narrandis
389 1855 516 1894 rebus
547 1855 767 1903 Romanis,
800 1856 879 1894 nisi
909 1855 1152 1906 permultum
1185 1868 1337 1896 causae
1368 1860 1503 1908 esset,
1546 1858 1657 1909 quod

144 1928 239 1971 illos
289 1926 587 1981 praeferendos
624 1939 718 1969 esse
759 1928 996 1969 auctoribus
1036 1928 1229 1970 Romanis
1266 1929 1473 1973 suaderet.
1520 1930 1658 1984 Atque

138 2002 212 2042 has
252 2001 415 2055 quidem
458 2001 510 2042 ob
549 2012 621 2041 res
667 2002 893 2053 scriptores
931 2001 1158 2042 historicos
1205 2002 1389 2043 Graecos
1426 2014 1511 2044 non
1555 2004 1657 2045 satis

139 2076 392 2118 excellentes
432 2076 538 2128 fide,
574 2071 844 2128 auctoritate,¹
886 2075 1028 2117 indole
1068 2088 1154 2118 non
1199 2078 1343 2133 attigit.
1417 2077 1499 2119 Eas
1544 2089 1651 2120 uero

143 2148 398 2191 Graecorum
426 2152 613 2192 uirorum
641 2150 852 2202 historiaS,
885 2162 993 2204 quae
1022 2163 1070 2191 re
1099 2163 1202 2193 uera
1231 2157 1352 2193 erant
1382 2164 1531 2209 magna
1560 2153 1656 2206 fide,

139 2235 286 2280 magna
316 2216 561 2268 auctoritate
590 2229 634 2267 et
668 2225 885 2280 praeclara
924 2225 1065 2268 indole
1103 2226 1477 2280 commendabiles,
1518 2227 1654 2281 qualis

140 2310 186 2339 e.v
205 2311 245 2352 g.
271 2302 340 2339 ⁷est
355 2288 515 2352 Polybi,
547 2313 570 2341 a
600 2300 716 2341 Liuio
746 2299 814 2341 hic
846 2311 930 2341 non
954 2312 1050 2342 esse
1082 2299 1285 2342 adhibitos
1314 2302 1486 2354 primum
1515 2314 1571 2343 ex
1600 2313 1653 2344 eo

139 2371 290 2425 prodit,
321 2371 433 2427 quod
464 2373 583 2426 illos,
623 2375 661 2416 si
690 2373 794 2429 quos
826 2375 993 2417 omnino
1024 2373 1158 2415 fontes
1198 2374 1459 2428 nominabat,
1500 2376 1654 2418 certis-

139 2449 249 2488 sime*
273 2447 486 2489 nominare
516 2447 695 2489 debebat
713 2448 762 2500 ¹),
792 2449 872 2489 nisi
912 2452 1004 2489 erat
1028 2449 1219 2501 ‘scriptor
1257 2461 1407 2502 expers
1449 2450 1574 2491 iudici
1604 2462 1652 2490 ac

141 2521 344 2574 ueritatis,
376 2518 528 2564 deinde
558 2532 612 2562 ex
644 2533 711 2573 eo,
741 2520 850 2575 quod
880 2520 1111 2575 scriptores
1142 2519 1309 2574 Graeci,
1345 2521 1441 2565 dico
1471 2523 1652 2575 scripto-

138 2605 207 2635 res
237 2608 262 2636 e
292 2600 419 2652 gente
440 2593 622 2647 Graeca,
652 2594 848 2636 historiae
888 2594 1054 2637 illorum
1084 2598 1339 2650 temporum,
1385 2597 1456 2650 qui
1486 2596 1652 2650 quidem

142 2666 282 2720 aliquo
322 2670 487 2712 nomine
532 2672 694 2721 essent,
738 2679 913 2723 prorsus
952 2681 1039 2711 non
1085 2671 1294 2711 exstitisse
1322 2669 1491 2723 putandi
1535 2676 1656 2721 sunt3

258 2750 297 2796 1)
321 2754 363 2787 Vt
386 2763 425 2790 re
448 2765 529 2790 uera
554 2753 731 2800 Polybium
758 2753 988 2800 compluribus
1012 2753 1098 2790 loeis
1122 2755 1282 2790 nominat.
