1835 2878
754 101 1039 148 ...57-

142 230 240 271 esse
253 220 303 273 ¹).
353 218 416 260 De
445 218 661 262 obsidibus
683 219 866 274 paullum
890 219 1007 273 plura
1036 217 1166 260 uerba
1187 217 1287 259 fecit
1306 218 1518 274 Polybius,
1545 231 1653 273 quae

138 290 285 335 Liuius
306 291 498 339 >breuiter
527 292 864 348 comprehendit,
891 290 968 335 sed
991 292 1144 334 mirum
1174 295 1302 342 esset,
1334 292 1373 333 si
1405 289 1463 338 εἰς
1493 287 1567 343 ἔτη
1596 289 1654 345 ἓξ,

142 365 231 411 ΡοΙ.
261 371 290 417 'ss
322 365 400 420 ¹0,
438 368 787 426 praetermisisset
795 380 809 418 3
853 366 1157 409 restituendum
1196 365 1323 421 igitur
1363 369 1426 407 est
1455 365 1543 408 Liu.
1571 371 1597 416 s
1628 365 1655 409 6

130 438 337 494 ’,οἱιεὶᾱοσ
366 442 642 499 quadraginta
673 442 876 484 arbitratu
906 442 1095 483 consulis
1126 440 1297 483 Romani
1335 441 1381 481 in
1407 454 1485 482 sex
1514 454 1653 483 annos

141 512 275 557 dato‘.
338 515 520 558 Tertiam
551 519 704 557 tantum
732 516 935 569 pecuniae
956 520 1125 568 partem,
1156 514 1241 557 Pol.
1274 516 1338 567 15,
1360 515 1403 567 8,
1433 527 1535 556 auro
1565 515 1653 556 sol-

139 599 241 630 uere
270 588 442 633 licuisse
469 601 554 631 non
595 593 891 631 commemorat
927 589 1020 630 siue
1057 588 1270 630 breuitatis
1311 600 1436 630 causa
1465 590 1557 630 siue
1587 588 1651 630 sa-

141 676 233 706 mae
262 664 474 706 Romanae
505 665 820 707 condicionibus
850 664 1083 706 mitioribus
1112 664 1381 705 decorandae
1410 676 1551 705 causa.

166 771 170 781 «
263 736 340 792 κβ’,
379 737 457 780 16:
487 737 707 791 XXXVIII,
740 736 810 791 12,
842 736 890 790 13
921 738 1018 781 item
1048 737 1249 779 fortasse:
1282 733 1358 792 κβ,
1390 736 1459 790 ¹7,
1489 738 1533 780 B.
1554 730 1654 790 939,

147 823 188 852 u.
220 811 412 857 27—29:
442 810 677 866 XXXVIII,
710 812 787 865 14,
817 811 857 854 3.
887 836 945 844 -
969 811 1044 866 κβ,
1078 812 1145 865 17,
1167 814 1210 855 Β.
1241 811 1339 865 939,
1372 825 1410 855 ιι.
1442 810 1499 854 30
1527 825 1563 866 q.
1594 824 1655 853 s.:

146 885 368 940 XXXVIII,
401 885 469 939 14,
498 883 665 928 4-14:
695 887 836 929 Lluius
867 887 945 928 etsi
975 898 1059 927 non
1090 887 1182 928 solo
1215 886 1329 928 fonte
1373 887 1500 928 utitur
1531 886 1657 941 Poly-

138 960 223 1013 bio,
248 965 383 1002 tamen
414 961 526 1003 nullo
558 962 653 1003 loco
685 961 856 1015 Polybio
888 960 1065 1002 aduersa
1096 961 1234 1003 fronte
1265 962 1426 1013 obstat,
1477 967 1655 1015 excepto

142 1046 227 1076 uno
258 1037 427 1076 nomine
457 1035 600 1086 urbis,
641 1035 752 1087 quod
790 1035 832 1074 in
860 1038 1051 1087 -utroque
1092 1036 1299 1087 scriptore
1338 1034 1504 1076 uidetur
1546 1047 1657 1076 cor-

136 1112 300 1162 ruptum
346 1118 455 1151 esse.
524 1109 563 1153 L„
595 1113 620 1159 §
655 1109 704 1151 10
746 1112 786 1149 et
826 1108 867 1149 P.
903 1102 961 1149 11‘
992 1108 1190 1163 leguntur
1234 1109 1400 1150 nomina
1442 1108 1655 1162 „Alimne“

139 1182 385 1237 („Alindes‘)
416 1188 457 1226 et
485 1181 531 1223 ἐν
569 1181 748 1236 Τεμένει,
779 1195 885 1237 quae
917 1183 1013 1237 quin
1044 1183 1222 1224 eundem
1253 1184 1388 1226 Iocum
1418 1184 1658 1239 significare

143 1257 321 1300 debeant
349 1264 390 1300 et
421 1258 567 1300 eadem
598 1258 728 1301 forma
758 1258 808 1299 ab
840 1262 1020 1311 utroque
1050 1259 1206 1312 scripta
1232 1260 1317 1300 sint
1342 1271 1428 1300 non
1460 1259 1654 1301 dubitan-

144 1332 240 1374 dum
270 1336 356 1384 est;
408 1344 528 1385 quam
559 1332 612 1373 ob
642 1344 730 1372 rem
760 1343 887 1373 unum
918 1343 972 1372 ex
1012 1332 1143 1372 altero
1185 1332 1485 1373 emendandum
1517 1338 1582 1375 est
1612 1338 1655 1375 et

146 1406 429 1458 scribendum,
472 1410 517 1447 ut
546 1406 711 1459 quidem
741 1406 832 1446 ueri
863 1405 1111 1446 simillimum
1144 1407 1281 1456 est²)‚
1330 1406 1373 1447 in
1405 1404 1579 1460 Polybio
1611 1405 1657 1447 ἐν

262 1537 302 1583 1)
323 1537 375 1573 Ea
398 1537 591 1575 coniunctio
616 1537 715 1571 trium
738 1536 977 1580 membrorum,
1000 1542 1038 1572 ut
1061 1537 1245 1572 secundum
1267 1538 1311 1572 sit
1324 1526 1471 1572 additum
1485 1536 1653 1573 ἀσυνδέ-

141 1611 229 1643 τως,
251 1600 385 1635 tertium
419 1599 529 1646 „qu'e“
556 1598 742 1645 particula,
774 1600 972 1644 saepissime
1004 1600 1040 1634 in
1071 1600 1167 1635 Liuio
1191 1600 1334 1646 legitur,
1372 1611 1403 1636 e.
1427 1611 1460 1647 g.
1483 1600 1522 1644 Π,
1547 1601 1604 1644 40,
1633 1602 1655 1635 '7

141 1669 275 1707 „mater
299 1664 423 1699 coniux
446 1663 646 1710 liberique“,
670 1650 849 1707 xxxvm,
873 1664 931 1706 38,
958 1663 1002 1698 12
1029 1664 1275 1709 „conquirendi
1299 1654 1332 1710 q.
1356 1664 1405 1699 ,μ

258 1725 300 1770 2)
322 1726 435 1761 Liuius
460 1736 537 1760 cum
561 1726 662 1760 addat
685 1736 795 1771 „quae
815 1726 1037 1770 appellatur“,
1061 1737 1131 1761 non
1154 1728 1337 1770 putandum
1356 1733 1409 1761 est
1431 1728 1657 1762 antecessisse

137 1788 281 1833 simplex
290 1800 416 1825 nomen
432 1791 606 1834 proprium
618 1790 693 1825 solo
700 1801 783 1825 casu
790 1790 998 1825 nominatiuo
1014 1788 1213 1825 substmtiui
1230 1790 1370 1825 alicuius
1379 1790 1566 1834 somatum,
1573 1800 1660 1835 pro-

139 1857 258 1896 pterea
282 1853 375 1897 quod
396 1858 467 1886 tum
485 1858 578 1887 esset
594 1853 682 1888 nulla
698 1863 801 1887 causa
822 1853 930 1895 uocis,
955 1862 1043 1898 quae
1061 1858 1113 1887 est
1128 1863 1237 1897 „quae
1249 1852 1471 1897 appellatur“,
1494 1853 1659 1896 adiectae,

137 1916 198 1951 sed
222 1921 364 1961 apparet
385 1916 420 1950 in
443 1916 511 1950 hoc
534 1916 670 1950 nomine
694 1915 819 1962 aliquid
840 1915 1010 1961 singulare
1032 1916 1244 1951 reconditum
1266 1916 1382 1951 fuisse.
1429 1915 1525 1959 Hoc,
1563 1917 1656 1963 quod

138 1979 343 2025 quaerimus,
367 1978 536 2024 singulare
558 1979 745 2024 inuenimus
769 1979 804 2013 iu
829 1978 951 2023 Polybi
973 1978 1110 2014 nomine
1133 1980 1177 2026 ξν
1203 1981 1364 2024 Τεμένει
1389 1979 1471 2025 (etsi
1491 1979 1557 2014 bae
1576 1980 1657 2014 lite-

136 2052 196 2077 rae
219 2048 297 2078 sunt
318 2053 388 2077 non
411 2052 551 2087 prorsus
575 2042 767 2088 sincerae),
797 2041 927 2076 scilicet
957 2041 1045 2091 illius
1068 2042 1160 2077 urbis
1193 2052 1318 2077 nomen
1360 2053 1430 2077 non
1456 2044 1566 2088 primo
1590 2043 1656 2079 de-

137 2096 328 2140 clinationis
352 2116 434 2141 casu
458 2105 657 2152 uolgarique
678 2105 787 2141 forma
810 2105 914 2140 scribi
934 2105 1076 2149 solebat,
1102 2106 1163 2141 sed
1181 2106 1332 2150 pendens
1355 2117 1376 2140 a
1390 2107 1656 2160 praepositione,

137 2179 227 2216 φιιιο
250 2174 303 2204 est
323 2169 377 2206 ἐν.
426 2169 536 2205 Ροιτο
560 2169 634 2204 Liui
657 2180 727 2204 uox
753 2169 949 2214 „Alimneffl
973 2168 1093 2216 [lectio
1118 2170 1196 2208 cod.
1220 2169 1332 2216 Meg.)
1357 2176 1416 2205 aut
1435 2171 1654 2216 „⁴‘AIymnem

141 2232 235 2278 (cod.
258 2231 394 2279 Bamb.)
424 2233 499 2277 ipsa
532 2234 712 2279 uestigium
745 2234 1009 2279 praepositionis
1042 2239 1226 2279 corruptae
1249 2235 1284 2269 in
1306 2245 1345 2269 se
1368 2234 1492 2276 babet,
1525 2234 1657 2269 scilicet

140 2296 226 2342 „ad“
266 2296 540 2341 praepositionis.
588 2297 755 2333 Restituto
793 2298 896 2343 igitur
929 2297 994 2342 „ad
1025 2297 1186 2333 Limnen“
1222 2297 1284 2342 (cf.
1310 2298 1363 2340 vl,
1388 2298 1410 2332 2
1434 2301 1484 2332 ad
1501 2296 1656 2345 lotium)

136 2365 242 2395 restat
263 2359 429 2393 dissensio
450 2370 470 2393 a
494 2359 615 2404 Polybi
636 2360 745 2395 uerbo
771 2362 915 2407 Τεμενη
940 2359 1009 2405 (sic
1033 2361 1123 2394 enim
1148 2360 1237 2403 cod„
1265 2360 1309 2395 cf.
1325 2360 1498 2396 Drakenb.
1521 2361 1564 2396 ad
1586 2361 1656 2399 loe.

137 2424 237 2470 Liui).
285 2422 386 2465 Quod
417 2423 447 2457 si
479 2428 643 2457 mutamus
674 2424 709 2458 in
744 2424 902 2469 Λίμνῃ,
937 2422 1133 2465 habebimus
1169 2424 1392 2469 congruentia
1428 2424 1495 2460 duo
1517 2426 1654 2459 nomina

140 2489 205 2532 „ev
228 2486 360 2534 Λὶμῃ“
386 2492 421 2520 et
447 2486 509 2529 „ad
534 2486 709 2523 Limnen“.
759 2487 859 2528 Quod
882 2486 995 2521 Liuius
1020 2487 1062 2520 ἐν
1085 2488 1188 2522 uertit
1214 2488 1311 2531 „ud“,
1336 2494 1464 2523 tantum
1488 2488 1593 2531 abest,
1617 2493 1654 2523 ιιι

137 2552 272 2597 οΙιιιοι,Ι
286 2556 322 2586 ιιι
344 2560 421 2586 eum
443 2555 604 2585 accurate
626 2551 862 2595 ratiocinatum
885 2550 1030 2585 uertisse
1052 2550 1202 2594 indicet,
1236 2552 1295 2597 qui
1317 2562 1392 2587 cum
1414 2561 1537 2586 nomen
1559 2551 1653 2588 urbis

138 2617 312 2652 cuiusdam
337 2616 392 2660 „in
409 2614 552 2660 palude“
579 2625 656 2650 esse
679 2615 820 2661 nequire
843 2616 990 2666 putarit,
1026 2625 1100 2650 eam
1125 2616 1195 2650 uim
1209 2642 1219 2660 ,
1257 2627 1356 2665 quam
1380 2618 1422 2651 ἐν
1444 2616 1653 2660 praepositio

137 2680 206 2714 boc
229 2680 309 2716 Ioco
332 2681 457 2725 babet,
479 2685 573 2716 recte
593 2673 769 2715 assecutus
792 2679 836 2725 sit
859 2685 997 2714 uertens
1021 2679 1106 2724 „ad“
1132 2680 1397 2726 praepositione.
1447 2680 1549 2723 Quod
1572 2681 1656 2716 nihil

138 2744 289 2779 audimus
313 2745 357 2780 de
392 2746 449 2780 illo
473 2744 565 2780 urbis
588 2744 742 2787 nomine,
773 2755 844 2780 ιιοιι
865 2744 1001 2788 obstat,
1024 2755 1102 2780 nam
1125 2755 1172 2780 ne
1195 2744 1238 2779 de
1262 2744 1303 2779 ἐν
1330 2745 1494 2789 Τεμένει
1519 2745 1653 2791 quidem
