1853 2860
761 101 1043 146 „12-

157 214 270 259 forte
311 216 381 271 qui
421 215 491 258 alii
527 219 724 258 auctores
765 227 788 256 a
823 213 960 256 Liuio.
978 214 1166 258 adhibiti
1199 214 1368 269 Graece
1408 216 1681 275 seripserunt,

158 289 336 343 XXXII,
365 288 394 332 6
423 300 535 331 uero>
561 294 605 332 et
633 288 882 341 XXXVIIII,
924 287 981 332 50
1011 289 1144 351 iidem=
1163 290 1353 345 exceptis
1379 290 1486 344 iuis,
1525 291 1680 347 qflivde

156 363 223 405 bis
253 362 508 417 temporibus
537 374 622 405 non
651 363 732 404 iam
761 363 988 415 scripsisse
1015 360 1599 418 uidentur,‚„I?sabio÷Piotore,
1627 364 1679 409 of.

153 436 317 480 Lacum.
348 448 385 490 p.
410 435 477 488 15,
494 436 636 479 uncio
651 434 878 491 Alimenta,
909 436 1037 479 orl-ib.
1069 422 1680 494 p.16.‚suen⁹‚-31.p.‡32i2-1ia

153 514 372 563 postquam
412 509 786 551 demonstrauimus
836 521 927 550 nec.
971 509 1113 551 uerbis
1143 511 1459 564 ,scriptoribus
1493 512 1679 566 Graecis,

155 582 303 625 Graeci
343 587 562 634 auctores,
603 581 773 625 Graecis
812 583 1083 627 auctoribus“
1130 595 1207 628 eos
1236 567 1477 638 ‘scriptores
1493 572 1540 626 :a'
1558 586 1678 637 hinnio

152 666 248 698 esse
277 655 553 712 significatos,
584 657 657 711 qui
684 662 832 699 essent
861 656 1028 701 Graeca
1060 658 1242 713 origine,
1272 659 1679 714 neeomninoopus

153 742 250 773 esse
276 730 347 772 illa
371 742 480 773 uoce
501 731 803 784 comprehendi
825 733 1027 786 quosdam
1056 734 1171 776 uiros
1188 732 1388 787 Graecos,
1418 734 1679 786 nune-letius

151 804 445 860 progredimur
486 803 671 846 dicentes
712 805 820 859 locis
853 806 1035 858 XXXII,
1068 804 1108 863 6v
1127 811 1174 847 et
1197 806 1452 857 xxxvnn,
1484 805 1680 850 50⁴inter

151 879 379 931 scriptores
411 876 597 919 Graecos
627 883 796 932 praeter
816 878 1028 933 Polybium
1059 891 1114 921 ne
1142 889 1269 933 posse
1297 878 1678 934 quidemyintellee-

148 956 216 993 tos
247 964 344 994 esse
375 952 484 994 ullos
516 952 633 994 uiros
655 951 843 995 Graecos
873 953 1152 1007 similiterque
1175 953 1379 1006 XXVIIII,
1409 951 1480 1006 27,
1502 955 1676 1008 dequo

149 1026 318 1080 quidem
358 1026 455 1068 loco
485 1027 655 1079 proprie
681 1026 749 1068 bie
779 1013 900 1069 nobis
924 1026 1132 1083 agendum
1161 1038 1247 1082 non
1277 1032 1358 1081 est,
1389 1027 1541 1071 nullom
1556 1040 1679 1082 prae-

140 1104 216 1143 ter
247 1100 458 1155 Polybium
485 1105 529 1142 et
549 1100 731 1143 Silenum
761 1101 998 1143 intellectos
1029 1113 1127 1144 esse
1155 1113 1293 1156 posse.
1345 1103 1463 1156 Quae
1488 1114 1678 1146 rosseum

148 1175 203 1217 ob
233 1175 350 1217 uaria
391 1179 639 1230 argumenta
677 1185 763 1216 non
801 1174 950 1218 solumv
975 1176 1068 1217 ueri
1108 1175 1281 1227 similis,
1312 1175 1399 1218 sed
1437 1177 1677 1229 certissima

149 1250 234 1301 fiat,
264 1250 426 1291 initium
456 1249 631 1291 facimus
668 1249 1043 1304 argumentationis
1074 1249 1126 1291 ab
1162 1261 1214 1291 eo
1244 1250 1365 1301 loeo,
1402 1260 1526 1304 quem
1552 1262 1677 1304 supra

148 1322 325 1365 diximus
356 1320 650 1364 commendare
680 1321 1080 1365 hanesententiam.
1130 1322 1346 1375 XXXXV,
1379 1321 1436 1365 44
1465 1323 1575 1366 enim
1604 1323 1678 1365 Li-

146 1397 258 1450 uius,
289 1397 361 1438 ubi
390 1402 534 1439 narrat
565 1396 618 1438 de
648 1397 795 1438 Prusia
824 1408 930 1451 rege
963 1396 1120 1439 Romae
1148 1400 1332 1449 uersato,
1363 1397 1406 1438 in
1430 1397 1518 1441 fine
1539 1397 1671 1441 buius

146 1470 391 1513 historiolae
422 1469 554 1511 addit:
580 1469 733 1522 ,baec
754 1469 807 1511 de
837 1470 982 1511 Prusia
1011 1471 1145 1512 nostri
1173 1471 1414 1523 scriptores
1474 1470 1672 1525 Polybius

148 1556 241 1586 eum
271 1556 417 1599 regem
447 1544 663 1598 indignum
684 1544 903 1585 maiestate
926 1544 1104 1585 nominis
1125 1544 1226 1586 tenti
1256 1542 1379 1585 tradit
1409 1556 1446 1597 q.
1475 1543 1537 1586 s“.
1560 1544 1676 1594 Quid

146 1617 302 1659 multa?
341 1617 492 1659 Nonne
535 1617 630 1658 luce
671 1617 824 1659 clarius
865 1621 1036 1671 apparet
1065 1616 1223 1659 Liuium
1263 1617 1346 1659 hoc
1386 1617 1481 1660 loco
1522 1617 1676 1661 distin·-

145 1703 278 1745 guere
309 1690 391 1733 duo
429 1691 604 1732 fontium
649 1702 822 1732 suorum
861 1703 1045 1745 genera,
1087 1691 1204 1744 prius
1244 1691 1493 1744 scriptorum
1519 1690 1675 1731 Roma-

145 1774 296 1807 norum
329 1787 382 1794 —-
413 1764 483 1818 qui
514 1768 649 1806 utrum
683 1763 846 1806 Graece
876 1764 1124 1818 scripserim
1154 1775 1207 1805 an
1237 1764 1379 1806 Latine
1410 1763 1510 1805 nibil
1540 1762 1671 1806 refert

144 1862 202 1870 —-
239 1840 415 1879 alterum
461 1839 596 1879 solum
639 1839 885 1892 Polybium?
940 1839 1080 1879 Liuius
1127 1840 1238 1879 enim
1275 1839 1311 1887 si
1357 1842 1523 1890 praeter
1563 1838 1669 1879 duos

143 1912 237 1954 illos
269 1912 438 1954 ordines
466 1912 556 1954 eliis
587 1924 754 1966 quoque
782 1912 965 1954 fontibus
990 1923 1089 1954 usus
1121 1915 1246 1964 esset,
1276 1911 1438 1954 scilicet
1467 1910 1668 1962 historiis,

144 1997 250 2038 quae
281 1987 333 2026 ab
362 1986 454 2025 aliis
488 1987 588 2026 uiris
617 1985 787 2026 Graecis
819 1988 1082 2039 conscriptae
1114 1986 1294 2035 fuerant,
1325 1985 1392 2024 hic
1422 1995 1672 2025 commemo·-

145 2072 244 2101 rare
276 2064 448 2101 coactus
480 2064 587 2111 erat,
619 2060 687 2102 ubi
718 2063 798 2102 tam
830 2059 1027 2102 distincte
1068 2060 1148 2102 sibi
1189 2059 1357 2113 opponit
1386 2057 1598 2112 Polybium
1612 2063 1671 2099 ‚et

145 2134 285 2176 sontes
316 2135 538 2177 Romanos.
582 2135 692 2185 Quid
722 2135 863 2176 enim?
894 2135 932 2177 si
962 2134 1101 2176 fontes
1123 2134 1184 2177 illi
1216 2132 1377 2185 Graeci,
1408 2144 1515 2187 quos
1546 2131 1669 2175 adhi-

140 2208 234 2252 beri
264 2222 286 2251 a
306 2208 425 2250 Liuio
446 2212 590 2261 putant
603 2222 670 2251 uu.
689 2210 776 2261 dd„
807 2209 1126 2253 consentiebant
1146 2221 1195 2250 ea
1216 2208 1259 2249 in
1280 2219 1328 2249 re
1350 2220 1442 2250 cum
1457 2207 1667 2267 Romanis,

142 2284 283 2326 Liuius
322 2297 405 2326 non
452 2286 583 2337 potuit
621 2297 704 2326 non
744 2285 910 2327 dicere:
958 2285 1090 2337 „haec
1130 2283 1182 2325 de
1214 2284 1358 2325 Prusia
1399 2283 1559 2326 oeteri“
1604 2283 1668 2332 (et

143 2358 293 2401 Graeci
324 2364 367 2399 et
395 2358 587 2411 Romani)
618 2359 890 2413 „scriptores
919 2357 1144 2412 Polybius“
1177 2369 1215 2411 q.
1234 2369 1294 2410 s.;
1323 2358 1387 2400 sin
1418 2357 1665 2400 consentie-

138 2434 239 2475 bant
271 2432 331 2473 illi
361 2433 496 2474 fontes
527 2445 619 2475 cum
639 2434 830 2487 Polybio,
860 2434 1052 2475 seribere
1079 2432 1240 2474 debuit:
1274 2433 1413 2485 „haec
1436 2432 1489 2474 de
1515 2430 1659 2472 Prusia

138 2507 273 2563 nostri
317 2507 557 2558 scriptores.
627 2508 819 2561 Polybius
858 2508 1072 2561 ceterique
1115 2501 1290 2560 praees*
1331 2518 1370 2559 q.
1412 2517 1448 2548 s.
1485 2507 1581 2554 aut,
1620 2508 1666 2544 ut

139 2587 252 2624 esset
282 2593 405 2636 quam
436 2581 610 2622 maxime
641 2592 840 2634 expressa
870 2580 1078 2634 oppositio
1109 2580 1202 2632 illa,
1232 2579 1494 2632 scripsisset:
1534 2576 1664 2629 „haec

143 2652 196 2694 de
226 2656 372 2697 Prusia
411 2655 554 2696 nostri
591 2655 837 2708 scriptores.
872 2655 1058 2709 Graec&
1100 2667 1138 2708 q.
1169 2666 1203 2696 s.
1264 2653 1323 2693 lta
1364 2650 1547 2704 quamuis
1582 2651 1662 2693 iam

141 2740 193 2769 ex
225 2739 275 2769 eo
303 2728 397 2771 loco
425 2729 526 2772 satis
558 2727 778 2772 manifeste
807 2729 983 2785 prodire·
1010 2728 1225 2787 uideatur,
1256 2728 1422 2779 praeter
1451 2724 1661 2781 Polybium
