<?xml version="1.0" encoding="UTF-8"?>
<!DOCTYPE html PUBLIC "-//W3C//DTD XHTML 1.0 Transitional//EN"
    "http://www.w3.org/TR/xhtml1/DTD/xhtml1-transitional.dtd">
<html xmlns="http://www.w3.org/1999/xhtml" xml:lang="en" lang="en">
 <head>
  <title>
</title>
<meta http-equiv="Content-Type" content="text/html;charset=utf-8" />
  <meta name='ocr-system' content='tesseract 3.04.00' />
  <meta name='ocr-capabilities' content='ocr_page ocr_carea ocr_par ocr_line ocrx_word'/>
</head>
<body>
  <div class='ocr_page' id='page_1' title='image "4738025_0070.png"; bbox 0 0 1853 2860; ppageno 0'>
   <div class='ocr_carea' id='block_1_1' title="bbox 817 92 1099 137">
    <p class='ocr_par' dir='ltr' id='par_1_1' title="bbox 817 92 1099 137">
     <span class='ocr_line' id='line_1_1' title="bbox 817 92 1099 137; baseline -0.011 -10"><span class='ocrx_word' id='word_1_1' title='bbox 817 92 1099 137; x_wconf 69' lang='lat'>...50-</span> 
     </span>
    </p>
   </div>
   <div class='ocr_carea' id='block_1_2' title="bbox 187 206 1721 413">
    <p class='ocr_par' dir='ltr' id='par_1_2' title="bbox 187 206 1721 413">
     <span class='ocr_line' id='line_1_2' title="bbox 189 206 1721 268; baseline 0 -17"><span class='ocrx_word' id='word_1_2' title='bbox 189 219 295 263; x_wconf 85' lang='lat' dir='ltr'><strong>quae</strong></span> <span class='ocrx_word' id='word_1_3' title='bbox 333 208 497 251; x_wconf 83' lang='lat' dir='ltr'><strong>reddita</strong></span> <span class='ocrx_word' id='word_1_4' title='bbox 529 213 629 251; x_wconf 80' lang='lat' dir='ltr'><strong>sunt</strong></span> <span class='ocrx_word' id='word_1_5' title='bbox 666 221 688 250; x_wconf 88' lang='lat' dir='ltr'><strong>a</strong></span> <span class='ocrx_word' id='word_1_6' title='bbox 720 208 834 250; x_wconf 84' lang='lat' dir='ltr'><strong>Liuio</strong></span> <span class='ocrx_word' id='word_1_7' title='bbox 877 212 998 261; x_wconf 83' lang='lat' dir='ltr'><strong>„aut,</strong></span> <span class='ocrx_word' id='word_1_8' title='bbox 1029 208 1067 250; x_wconf 90' lang='lat' dir='ltr'><strong>si</strong></span> <span class='ocrx_word' id='word_1_9' title='bbox 1106 207 1523 268; x_wconf 35' lang='lat' dir='ltr'><strong>utrisque‘placebit,</strong></span> <span class='ocrx_word' id='word_1_10' title='bbox 1564 206 1721 263; x_wconf 52' lang='lat' dir='ltr'><strong>bello‘fi</strong></span> 
     </span>
     <span class='ocr_line' id='line_1_3' title="bbox 187 281 1711 337; baseline 0.001 -12"><span class='ocrx_word' id='word_1_11' title='bbox 187 283 276 325; x_wconf 91' lang='lat' dir='ltr'><strong>Pol.</strong></span> <span class='ocrx_word' id='word_1_12' title='bbox 308 287 332 333; x_wconf 85' lang='lat'>§</span> <span class='ocrx_word' id='word_1_13' title='bbox 364 283 419 325; x_wconf 76' lang='lat'><strong>28</strong></span> <span class='ocrx_word' id='word_1_14' title='bbox 445 293 529 324; x_wconf 92' lang='lat' dir='ltr'><strong>non</strong></span> <span class='ocrx_word' id='word_1_15' title='bbox 556 282 707 336; x_wconf 86' lang='lat' dir='ltr'><strong>solum,</strong></span> <span class='ocrx_word' id='word_1_16' title='bbox 738 286 784 324; x_wconf 88' lang='lat' dir='ltr'><strong>ut</strong></span> <span class='ocrx_word' id='word_1_17' title='bbox 813 281 911 324; x_wconf 86' lang='lat' dir='ltr'><strong>Bek.</strong></span> <span class='ocrx_word' id='word_1_18' title='bbox 943 285 1072 337; x_wconf 83' lang='lat' dir='ltr'><strong>putat,</strong></span> <span class='ocrx_word' id='word_1_19' title='bbox 1104 282 1159 325; x_wconf 90' lang='lat' dir='ltr'><strong>ob</strong></span> <span class='ocrx_word' id='word_1_20' title='bbox 1187 282 1277 328; x_wconf 85' lang='lat' dir='ltr'><strong>Liui</strong></span> <span class='ocrx_word' id='word_1_21' title='bbox 1305 282 1451 337; x_wconf 79' lang='lat' dir='ltr'><strong>uerba,</strong></span> <span class='ocrx_word' id='word_1_22' title='bbox 1480 283 1556 327; x_wconf 86' lang='lat' dir='ltr'><strong>sed</strong></span> <span class='ocrx_word' id='word_1_23' title='bbox 1587 283 1711 327; x_wconf 80' lang='lat' dir='ltr'><strong>etiam</strong></span> 
     </span>
     <span class='ocr_line' id='line_1_4' title="bbox 193 352 1720 413; baseline 0.001 -15"><span class='ocrx_word' id='word_1_24' title='bbox 193 358 247 398; x_wconf 93' lang='lat' dir='ltr'><strong>ob</strong></span> <span class='ocrx_word' id='word_1_25' title='bbox 279 358 421 413; x_wconf 80' lang='lat' dir='ltr'>Polybi</span> <span class='ocrx_word' id='word_1_26' title='bbox 452 357 608 409; x_wconf 88' lang='lat' dir='ltr'><strong>ipsius,</strong></span> <span class='ocrx_word' id='word_1_27' title='bbox 640 357 690 398; x_wconf 83' lang='lat' dir='ltr'><strong>cs.</strong></span> <span class='ocrx_word' id='word_1_28' title='bbox 722 369 755 398; x_wconf 90' lang='lat' dir='ltr'><strong>c.</strong></span> <span class='ocrx_word' id='word_1_29' title='bbox 787 358 866 409; x_wconf 77' lang='lat'><strong>25,</strong></span> <span class='ocrx_word' id='word_1_30' title='bbox 899 358 954 409; x_wconf 82' lang='lat'><strong>7,</strong></span> <span class='ocrx_word' id='word_1_31' title='bbox 986 368 1040 398; x_wconf 84' lang='lat' dir='ltr'><strong>ex</strong></span> <span class='ocrx_word' id='word_1_32' title='bbox 1078 352 1351 409; x_wconf 80' lang='grc' dir='ltr'><strong><em>κεκομικότας</em></strong></span> <span class='ocrx_word' id='word_1_33' title='bbox 1379 357 1615 401; x_wconf 82' lang='lat' dir='ltr'><strong>mutandum</strong></span> <span class='ocrx_word' id='word_1_34' title='bbox 1655 361 1720 401; x_wconf 81' lang='lat' dir='ltr'><strong>est</strong></span> 
     </span>
    </p>
   </div>
   <div class='ocr_carea' id='block_1_3' title="bbox 101 428 1719 486">
    <p class='ocr_par' dir='ltr' id='par_1_3' title="bbox 101 428 1719 486">
     <span class='ocr_line' id='line_1_5' title="bbox 101 428 1719 486; baseline 0.003 -18"><span class='ocrx_word' id='word_1_35' title='bbox 101 476 102 479; x_wconf 7' lang='grc' dir='ltr'><strong>Ἰ</strong></span> <span class='ocrx_word' id='word_1_36' title='bbox 191 428 459 482; x_wconf 81' lang='grc' dir='ltr'><strong><em>κεκομικότα.</em></strong></span> <span class='ocrx_word' id='word_1_37' title='bbox 523 431 682 481; x_wconf 87' lang='lat' dir='ltr'>Quibus</span> <span class='ocrx_word' id='word_1_38' title='bbox 713 430 1028 481; x_wconf 79' lang='lat' dir='ltr'>mutationibus,</span> <span class='ocrx_word' id='word_1_39' title='bbox 1069 442 1176 484; x_wconf 87' lang='lat' dir='ltr'><strong>quae</strong></span> <span class='ocrx_word' id='word_1_40' title='bbox 1204 440 1282 484; x_wconf 86' lang='lat' dir='ltr'><strong>pro</strong></span> <span class='ocrx_word' id='word_1_41' title='bbox 1322 429 1501 473; x_wconf 76' lang='lat' dir='ltr'><strong>maxima</strong></span> <span class='ocrx_word' id='word_1_42' title='bbox 1528 435 1648 486; x_wconf 82' lang='lat' dir='ltr'><strong>parte</strong></span> <span class='ocrx_word' id='word_1_43' title='bbox 1675 431 1719 473; x_wconf 77' lang='lat' dir='ltr'><strong>Iu</strong></span> 
     </span>
    </p>
   </div>
   <div class='ocr_carea' id='block_1_4' title="bbox 151 498 1718 2787">
    <p class='ocr_par' dir='ltr' id='par_1_4' title="bbox 185 498 1718 1077">
     <span class='ocr_line' id='line_1_6' title="bbox 191 498 1718 562; baseline 0.003 -19"><span class='ocrx_word' id='word_1_44' title='bbox 191 502 365 557; x_wconf 82' lang='lat' dir='ltr'>Polybio</span> <span class='ocrx_word' id='word_1_45' title='bbox 412 503 628 545; x_wconf 83' lang='lat' dir='ltr'><strong>faciendae</strong></span> <span class='ocrx_word' id='word_1_46' title='bbox 668 509 796 557; x_wconf 84' lang='lat' dir='ltr'><strong>sunt,</strong></span> <span class='ocrx_word' id='word_1_47' title='bbox 840 517 879 546; x_wconf 91' lang='lat' dir='ltr'><strong>u.</strong></span> <span class='ocrx_word' id='word_1_48' title='bbox 913 517 1006 559; x_wconf 87' lang='lat' dir='ltr'><strong>pag.</strong></span> <span class='ocrx_word' id='word_1_49' title='bbox 1036 502 1088 546; x_wconf 82' lang='lat'><strong>21</strong></span> <span class='ocrx_word' id='word_1_50' title='bbox 1110 524 1129 557; x_wconf 85' lang='grc'><strong>,·</strong></span> <span class='ocrx_word' id='word_1_51' title='bbox 1170 498 1362 562; x_wconf 72' lang='lat' dir='ltr'><strong>adbibffis</strong></span> <span class='ocrx_word' id='word_1_52' title='bbox 1402 503 1585 557; x_wconf 77' lang='lat' dir='ltr'><strong>prodibit</strong></span> <span class='ocrx_word' id='word_1_53' title='bbox 1607 511 1718 559; x_wconf 76' lang='lat' dir='ltr'><strong>&#39;per-</strong></span> 
     </span>
     <span class='ocr_line' id='line_1_7' title="bbox 189 575 1714 634; baseline 0.003 -17"><span class='ocrx_word' id='word_1_54' title='bbox 189 575 328 618; x_wconf 81' lang='lat' dir='ltr'><strong>fectus</strong></span> <span class='ocrx_word' id='word_1_55' title='bbox 370 589 603 620; x_wconf 89' lang='lat' dir='ltr'><strong>consensus</strong></span> <span class='ocrx_word' id='word_1_56' title='bbox 642 578 753 620; x_wconf 83' lang='lat' dir='ltr'><strong>inter</strong></span> <span class='ocrx_word' id='word_1_57' title='bbox 783 578 940 620; x_wconf 91' lang='lat' dir='ltr'><strong>Liuium</strong></span> <span class='ocrx_word' id='word_1_58' title='bbox 987 582 1030 619; x_wconf 85' lang='lat' dir='ltr'><strong>et</strong></span> <span class='ocrx_word' id='word_1_59' title='bbox 1060 577 1289 634; x_wconf 69' lang='lat' dir='ltr'><strong>Polybium</strong></span> <span class='ocrx_word' id='word_1_60' title='bbox 1328 578 1409 621; x_wconf 86' lang='lat' dir='ltr'><strong>nisi</strong></span> <span class='ocrx_word' id='word_1_61' title='bbox 1445 582 1714 631; x_wconf 76' lang='lat' dir='ltr'><strong>mutaremus,</strong></span> 
     </span>
     <span class='ocr_line' id='line_1_8' title="bbox 190 650 1718 706; baseline 0.002 -15"><span class='ocrx_word' id='word_1_62' title='bbox 190 650 290 691; x_wconf 86' lang='lat' dir='ltr'>nihil</span> <span class='ocrx_word' id='word_1_63' title='bbox 311 655 506 703; x_wconf 77' lang='lat' dir='ltr'><strong>restaret,</strong></span> <span class='ocrx_word' id='word_1_64' title='bbox 529 652 608 693; x_wconf 90' lang='lat' dir='ltr'><strong>nisi</strong></span> <span class='ocrx_word' id='word_1_65' title='bbox 628 655 672 694; x_wconf 88' lang='lat' dir='ltr'><strong>ut</strong></span> <span class='ocrx_word' id='word_1_66' title='bbox 690 651 925 694; x_wconf 82' lang='lat' dir='ltr'><strong>diceremus</strong></span> <span class='ocrx_word' id='word_1_67' title='bbox 944 652 1102 694; x_wconf 88' lang='lat' dir='ltr'><strong>Liuium</strong></span> <span class='ocrx_word' id='word_1_68' title='bbox 1121 651 1267 706; x_wconf 77' lang='lat' dir='ltr'>Polybi</span> <span class='ocrx_word' id='word_1_69' title='bbox 1291 651 1576 694; x_wconf 79' lang='lat' dir='ltr'><strong>auctoritatem</strong></span> <span class='ocrx_word' id='word_1_70' title='bbox 1591 662 1718 706; x_wconf 83' lang='lat' dir='ltr'><strong>spre-</strong></span> 
     </span>
     <span class='ocr_line' id='line_1_9' title="bbox 188 724 1718 782; baseline 0.002 -16"><span class='ocrx_word' id='word_1_71' title='bbox 188 724 318 778; x_wconf 87' lang='lat' dir='ltr'><strong>uisse,</strong></span> <span class='ocrx_word' id='word_1_72' title='bbox 350 737 456 780; x_wconf 86' lang='lat' dir='ltr'><strong>quae</strong></span> <span class='ocrx_word' id='word_1_73' title='bbox 478 731 594 768; x_wconf 85' lang='lat' dir='ltr'><strong>esset</strong></span> <span class='ocrx_word' id='word_1_74' title='bbox 611 727 819 768; x_wconf 85' lang='lat' dir='ltr'><strong>sententia</strong></span> <span class='ocrx_word' id='word_1_75' title='bbox 849 730 889 768; x_wconf 86' lang='lat' dir='ltr'><strong>et</strong></span> <span class='ocrx_word' id='word_1_76' title='bbox 917 738 992 781; x_wconf 92' lang='lat' dir='ltr'><strong>per</strong></span> <span class='ocrx_word' id='word_1_77' title='bbox 1022 738 1071 768; x_wconf 88' lang='lat' dir='ltr'><strong>se</strong></span> <span class='ocrx_word' id='word_1_78' title='bbox 1095 725 1363 781; x_wconf 85' lang='lat' dir='ltr'><strong>improbanda</strong></span> <span class='ocrx_word' id='word_1_79' title='bbox 1385 730 1429 768; x_wconf 83' lang='lat' dir='ltr'><strong>et</strong></span> <span class='ocrx_word' id='word_1_80' title='bbox 1445 725 1623 770; x_wconf 79' lang='lat' dir='ltr'><strong>refutata</strong></span> <span class='ocrx_word' id='word_1_81' title='bbox 1642 738 1718 782; x_wconf 88' lang='lat' dir='ltr'><strong>per</strong></span> 
     </span>
     <span class='ocr_line' id='line_1_10' title="bbox 186 799 1717 855; baseline 0.001 -14"><span class='ocrx_word' id='word_1_82' title='bbox 186 799 403 842; x_wconf 89' lang='lat' dir='ltr'><strong>Liuianam</strong></span> <span class='ocrx_word' id='word_1_83' title='bbox 431 801 473 842; x_wconf 88' lang='lat' dir='ltr'><strong>in</strong></span> <span class='ocrx_word' id='word_1_84' title='bbox 502 800 584 842; x_wconf 88' lang='lat' dir='ltr'><strong>hoc</strong></span> <span class='ocrx_word' id='word_1_85' title='bbox 609 800 782 846; x_wconf 83' lang='lat' dir='ltr'><strong>foedere</strong></span> <span class='ocrx_word' id='word_1_86' title='bbox 801 802 1040 843; x_wconf 77' lang='lat' dir='ltr'><strong>uei-sionem</strong></span> <span class='ocrx_word' id='word_1_87' title='bbox 1062 803 1295 843; x_wconf 78' lang='lat' dir='ltr'><strong>accuratam</strong></span> <span class='ocrx_word' id='word_1_88' title='bbox 1312 799 1456 855; x_wconf 87' lang='lat' dir='ltr'><strong>Polybi</strong></span> <span class='ocrx_word' id='word_1_89' title='bbox 1464 815 1478 853; x_wconf 83' lang='lat'><em>3</em></span> <span class='ocrx_word' id='word_1_90' title='bbox 1503 801 1717 855; x_wconf 77' lang='lat' dir='ltr'><strong>Polybium</strong></span> 
     </span>
     <span class='ocr_line' id='line_1_11' title="bbox 185 873 1717 930; baseline 0.001 -14"><span class='ocrx_word' id='word_1_91' title='bbox 185 874 229 916; x_wconf 93' lang='lat' dir='ltr'><strong>in</strong></span> <span class='ocrx_word' id='word_1_92' title='bbox 251 873 332 916; x_wconf 90' lang='lat' dir='ltr'><strong>hoc</strong></span> <span class='ocrx_word' id='word_1_93' title='bbox 356 874 503 928; x_wconf 89' lang='lat' dir='ltr'><strong>capite,</strong></span> <span class='ocrx_word' id='word_1_94' title='bbox 520 873 592 926; x_wconf 81' lang='lat'><strong>26,</strong></span> <span class='ocrx_word' id='word_1_95' title='bbox 616 874 740 916; x_wconf 89' lang='lat' dir='ltr'><strong>ualde</strong></span> <span class='ocrx_word' id='word_1_96' title='bbox 761 875 986 917; x_wconf 87' lang='lat' dir='ltr'><strong>mutilatum</strong></span> <span class='ocrx_word' id='word_1_97' title='bbox 1009 886 1105 917; x_wconf 89' lang='lat' dir='ltr'><strong>esse</strong></span> <span class='ocrx_word' id='word_1_98' title='bbox 1128 874 1267 929; x_wconf 78' lang='lat' dir='ltr'><strong>prodit</strong></span> <span class='ocrx_word' id='word_1_99' title='bbox 1286 875 1407 917; x_wconf 88' lang='lat' dir='ltr'><strong>etiam</strong></span> <span class='ocrx_word' id='word_1_100' title='bbox 1428 885 1484 916; x_wconf 85' lang='lat' dir='ltr'><strong>ex</strong></span> <span class='ocrx_word' id='word_1_101' title='bbox 1501 885 1568 928; x_wconf 90' lang='lat' dir='ltr'><strong>eo,</strong></span> <span class='ocrx_word' id='word_1_102' title='bbox 1590 873 1717 930; x_wconf 75' lang='lat' dir='ltr'><strong>quod,</strong></span> 
     </span>
     <span class='ocr_line' id='line_1_12' title="bbox 185 948 1713 1004; baseline 0.001 -14"><span class='ocrx_word' id='word_1_103' title='bbox 185 948 347 990; x_wconf 87' lang='lat' dir='ltr'><strong>etiamsi</strong></span> <span class='ocrx_word' id='word_1_104' title='bbox 378 949 634 990; x_wconf 82' lang='lat' dir='ltr'><strong>mitteremus</strong></span> <span class='ocrx_word' id='word_1_105' title='bbox 665 951 1017 1003; x_wconf 88' lang='lat' dir='ltr'><strong>comparationem</strong></span> <span class='ocrx_word' id='word_1_106' title='bbox 1047 949 1160 1001; x_wconf 82' lang='lat' dir='ltr'><strong>Liui,</strong></span> <span class='ocrx_word' id='word_1_107' title='bbox 1190 950 1269 992; x_wconf 89' lang='lat' dir='ltr'><strong>iam</strong></span> <span class='ocrx_word' id='word_1_108' title='bbox 1299 950 1443 991; x_wconf 87' lang='lat' dir='ltr'><strong>uerbis</strong></span> <span class='ocrx_word' id='word_1_109' title='bbox 1474 949 1713 1004; x_wconf 82' lang='lat' dir='ltr'><strong>Polybianis</strong></span> 
     </span>
     <span class='ocr_line' id='line_1_13' title="bbox 185 1021 1503 1077; baseline -0.001 -13"><span class='ocrx_word' id='word_1_110' title='bbox 185 1034 264 1077; x_wconf 89' lang='lat' dir='ltr'><strong>per</strong></span> <span class='ocrx_word' id='word_1_111' title='bbox 296 1035 344 1065; x_wconf 87' lang='lat' dir='ltr'><strong>se</strong></span> <span class='ocrx_word' id='word_1_112' title='bbox 372 1024 582 1077; x_wconf 84' lang='lat' dir='ltr'><strong>spectatis</strong></span> <span class='ocrx_word' id='word_1_113' title='bbox 600 1022 839 1065; x_wconf 89' lang='lat' dir='ltr'><strong>mutandum</strong></span> <span class='ocrx_word' id='word_1_114' title='bbox 871 1027 987 1065; x_wconf 83' lang='lat' dir='ltr'><strong>esset</strong></span> <span class='ocrx_word' id='word_1_115' title='bbox 1016 1027 1041 1072; x_wconf 74' lang='lat' dir='ltr'><strong>s</strong></span> <span class='ocrx_word' id='word_1_116' title='bbox 1072 1022 1114 1073; x_wconf 88' lang='lat'><strong>5,</strong></span> <span class='ocrx_word' id='word_1_117' title='bbox 1146 1021 1251 1077; x_wconf 82' lang='lat'>(11‚)</span> <span class='ocrx_word' id='word_1_118' title='bbox 1282 1024 1337 1067; x_wconf 87' lang='lat'><strong>20</strong></span> <span class='ocrx_word' id='word_1_119' title='bbox 1365 1027 1405 1065; x_wconf 83' lang='lat' dir='ltr'><strong>et</strong></span> <span class='ocrx_word' id='word_1_120' title='bbox 1434 1024 1503 1068; x_wconf 85' lang='lat'><strong>28.</strong></span> 
     </span>
    </p>

    <p class='ocr_par' dir='ltr' id='par_1_5' title="bbox 151 1094 1713 1819">
     <span class='ocr_line' id='line_1_14' title="bbox 303 1094 1712 1148; baseline 0.002 -13"><span class='ocrx_word' id='word_1_121' title='bbox 303 1094 381 1148; x_wconf 84' lang='grc' dir='ltr'>κβ’,</span> <span class='ocrx_word' id='word_1_122' title='bbox 415 1098 491 1147; x_wconf 80' lang='lat'><strong>27:</strong></span> <span class='ocrx_word' id='word_1_123' title='bbox 519 1096 742 1147; x_wconf 81' lang='lat' dir='ltr'><strong>XXXVIII,</strong></span> <span class='ocrx_word' id='word_1_124' title='bbox 774 1097 846 1145; x_wconf 88' lang='grc'><strong>39,</strong></span> <span class='ocrx_word' id='word_1_125' title='bbox 878 1094 1032 1139; x_wconf 78' lang='grc'><strong>7,-·17.</strong></span> <span class='ocrx_word' id='word_1_126' title='bbox 1094 1098 1139 1137; x_wconf 90' lang='lat' dir='ltr'><strong>In</strong></span> <span class='ocrx_word' id='word_1_127' title='bbox 1170 1101 1195 1145; x_wconf 69' lang='grc'>5</span> <span class='ocrx_word' id='word_1_128' title='bbox 1232 1098 1284 1139; x_wconf 84' lang='grc'><strong>17</strong></span> <span class='ocrx_word' id='word_1_129' title='bbox 1321 1102 1386 1138; x_wconf 85' lang='lat' dir='ltr'><strong>est</strong></span> <span class='ocrx_word' id='word_1_130' title='bbox 1414 1097 1611 1139; x_wconf 90' lang='lat' dir='ltr'><strong>indicium</strong></span> <span class='ocrx_word' id='word_1_131' title='bbox 1641 1097 1712 1139; x_wconf 92' lang='lat' dir='ltr'><strong>Li-</strong></span> 
     </span>
     <span class='ocr_line' id='line_1_15' title="bbox 185 1168 1707 1225; baseline 0.001 -14"><span class='ocrx_word' id='word_1_132' title='bbox 185 1171 296 1211; x_wconf 91' lang='lat' dir='ltr'><strong>uium</strong></span> <span class='ocrx_word' id='word_1_133' title='bbox 342 1174 508 1224; x_wconf 85' lang='lat' dir='ltr'><strong>praeter</strong></span> <span class='ocrx_word' id='word_1_134' title='bbox 546 1169 759 1224; x_wconf 82' lang='lat' dir='ltr'><strong>Polybium</strong></span> <span class='ocrx_word' id='word_1_135' title='bbox 802 1169 936 1211; x_wconf 89' lang='lat' dir='ltr'><strong>altero</strong></span> <span class='ocrx_word' id='word_1_136' title='bbox 977 1181 1096 1211; x_wconf 91' lang='lat' dir='ltr'><strong>usum</strong></span> <span class='ocrx_word' id='word_1_137' title='bbox 1133 1181 1230 1212; x_wconf 90' lang='lat' dir='ltr'><strong>esse</strong></span> <span class='ocrx_word' id='word_1_138' title='bbox 1270 1168 1410 1222; x_wconf 89' lang='lat' dir='ltr'><strong>fonte;</strong></span> <span class='ocrx_word' id='word_1_139' title='bbox 1461 1182 1568 1225; x_wconf 86' lang='lat' dir='ltr'><strong>quae</strong></span> <span class='ocrx_word' id='word_1_140' title='bbox 1611 1169 1707 1212; x_wconf 87' lang='lat' dir='ltr'><strong>dicit</strong></span> 
     </span>
     <span class='ocr_line' id='line_1_16' title="bbox 182 1242 1711 1297; baseline -0.001 -10"><span class='ocrx_word' id='word_1_141' title='bbox 182 1246 275 1287; x_wconf 87' lang='lat' dir='ltr'><strong>Liu.</strong></span> <span class='ocrx_word' id='word_1_142' title='bbox 308 1251 333 1295; x_wconf 65' lang='grc' dir='ltr'><strong>ς</strong></span> <span class='ocrx_word' id='word_1_143' title='bbox 370 1245 447 1297; x_wconf 84' lang='grc'><strong>10,</strong></span> <span class='ocrx_word' id='word_1_144' title='bbox 480 1257 530 1286; x_wconf 85' lang='lat' dir='ltr'><strong>ea</strong></span> <span class='ocrx_word' id='word_1_145' title='bbox 573 1244 806 1286; x_wconf 85' lang='lat' dir='ltr'><strong>certissime</strong></span> <span class='ocrx_word' id='word_1_146' title='bbox 846 1245 889 1285; x_wconf 91' lang='lat' dir='ltr'><strong>in</strong></span> <span class='ocrx_word' id='word_1_147' title='bbox 932 1244 1017 1288; x_wconf 82' lang='lat' dir='ltr'><strong>Pol.</strong></span> <span class='ocrx_word' id='word_1_148' title='bbox 1051 1249 1077 1295; x_wconf 70' lang='lat' dir='ltr'><strong>s</strong></span> <span class='ocrx_word' id='word_1_149' title='bbox 1114 1242 1227 1286; x_wconf 81' lang='lat'><strong>5-6</strong></span> <span class='ocrx_word' id='word_1_150' title='bbox 1257 1244 1574 1289; x_wconf 54' lang='lat' dir='ltr'><strong>interciderunt..</strong></span> <span class='ocrx_word' id='word_1_151' title='bbox 1625 1245 1711 1287; x_wconf 92' lang='lat' dir='ltr'><strong>Pol.</strong></span> 
     </span>
     <span class='ocr_line' id='line_1_17' title="bbox 187 1315 1713 1373; baseline 0.002 -14"><span class='ocrx_word' id='word_1_152' title='bbox 187 1326 215 1371; x_wconf 68' lang='lat'><strong>5</strong></span> <span class='ocrx_word' id='word_1_153' title='bbox 252 1321 305 1364; x_wconf 82' lang='grc'><strong>10</strong></span> <span class='ocrx_word' id='word_1_154' title='bbox 335 1315 485 1367; x_wconf 76' lang='grc' dir='ltr'>αὐτὸς,</span> <span class='ocrx_word' id='word_1_155' title='bbox 517 1318 626 1373; x_wconf 91' lang='lat' dir='ltr'><strong>quod</strong></span> <span class='ocrx_word' id='word_1_156' title='bbox 655 1319 756 1360; x_wconf 87' lang='lat' dir='ltr'><strong>nihil</strong></span> <span class='ocrx_word' id='word_1_157' title='bbox 796 1319 934 1370; x_wconf 84' lang='lat' dir='ltr'><strong>ualet,</strong></span> <span class='ocrx_word' id='word_1_158' title='bbox 975 1331 1028 1368; x_wconf 77' lang='lat' dir='ltr'><strong>ex</strong></span> <span class='ocrx_word' id='word_1_159' title='bbox 1059 1318 1173 1360; x_wconf 87' lang='lat' dir='ltr'><strong>Liuio</strong></span> <span class='ocrx_word' id='word_1_160' title='bbox 1211 1319 1253 1360; x_wconf 91' lang='lat' dir='ltr'><strong>in</strong></span> <span class='ocrx_word' id='word_1_161' title='bbox 1285 1316 1510 1373; x_wconf 78' lang='grc' dir='ltr'><strong><em>Προυσίας</em></strong></span> <span class='ocrx_word' id='word_1_162' title='bbox 1551 1323 1713 1362; x_wconf 86' lang='lat' dir='ltr'><strong>mutare</strong></span> 
     </span>
     <span class='ocr_line' id='line_1_18' title="bbox 182 1389 1709 1449; baseline -0.001 -13"><span class='ocrx_word' id='word_1_163' title='bbox 182 1407 236 1436; x_wconf 91' lang='lat' dir='ltr'><strong>ne</strong></span> <span class='ocrx_word' id='word_1_164' title='bbox 256 1396 348 1449; x_wconf 92' lang='lat' dir='ltr'><strong>quis</strong></span> <span class='ocrx_word' id='word_1_165' title='bbox 380 1395 552 1435; x_wconf 80' lang='lat' dir='ltr'><strong>dubitet.</strong></span> <span class='ocrx_word' id='word_1_166' title='bbox 584 1417 639 1424; x_wconf 89' lang='lat'><strong>—</strong></span> <span class='ocrx_word' id='word_1_167' title='bbox 670 1389 750 1445; x_wconf 79' lang='grc' dir='ltr'>κβ’·,</span> <span class='ocrx_word' id='word_1_168' title='bbox 780 1395 852 1444; x_wconf 85' lang='grc'><strong>27,</strong></span> <span class='ocrx_word' id='word_1_169' title='bbox 880 1393 931 1437; x_wconf 88' lang='grc'><strong>13</strong></span> <span class='ocrx_word' id='word_1_170' title='bbox 962 1393 1026 1442; x_wconf 92' lang='grc' dir='ltr'><strong>(Β.</strong></span> <span class='ocrx_word' id='word_1_171' title='bbox 1047 1392 1149 1445; x_wconf 82' lang='grc'>951,</span> <span class='ocrx_word' id='word_1_172' title='bbox 1177 1405 1216 1435; x_wconf 85' lang='grc' dir='ltr'><strong>ιι.</strong></span> <span class='ocrx_word' id='word_1_173' title='bbox 1254 1393 1467 1444; x_wconf 83' lang='lat'>15—16):</span> <span class='ocrx_word' id='word_1_174' title='bbox 1487 1393 1709 1447; x_wconf 83' lang='lat' dir='ltr'>XXXVIII,</span> 
     </span>
     <span class='ocr_line' id='line_1_19' title="bbox 183 1467 1707 1522; baseline -0.003 -8"><span class='ocrx_word' id='word_1_175' title='bbox 183 1469 255 1521; x_wconf 81' lang='lat'><strong>39,</strong></span> <span class='ocrx_word' id='word_1_176' title='bbox 285 1468 323 1511; x_wconf 87' lang='lat'><strong>6.</strong></span> <span class='ocrx_word' id='word_1_177' title='bbox 384 1469 446 1510; x_wconf 89' lang='lat' dir='ltr'><strong>Ex</strong></span> <span class='ocrx_word' id='word_1_178' title='bbox 477 1469 595 1509; x_wconf 90' lang='lat' dir='ltr'><strong>Liuio</strong></span> <span class='ocrx_word' id='word_1_179' title='bbox 626 1468 886 1522; x_wconf 88' lang='lat' dir='ltr'><strong>intellegitur</strong></span> <span class='ocrx_word' id='word_1_180' title='bbox 925 1467 1005 1509; x_wconf 93' lang='lat' dir='ltr'><strong>hoc</strong></span> <span class='ocrx_word' id='word_1_181' title='bbox 1038 1468 1182 1521; x_wconf 80' lang='lat' dir='ltr'><strong>Polybi</strong></span> <span class='ocrx_word' id='word_1_182' title='bbox 1221 1467 1496 1522; x_wconf 82' lang='lat' dir='ltr'><strong>fragmentum</strong></span> <span class='ocrx_word' id='word_1_183' title='bbox 1539 1479 1707 1521; x_wconf 89' lang='lat' dir='ltr'><strong>ponen-</strong></span> 
     </span>
     <span class='ocr_line' id='line_1_20' title="bbox 183 1539 1711 1596; baseline -0.001 -12"><span class='ocrx_word' id='word_1_184' title='bbox 183 1543 280 1584; x_wconf 93' lang='lat' dir='ltr'><strong>dum</strong></span> <span class='ocrx_word' id='word_1_185' title='bbox 312 1554 409 1585; x_wconf 90' lang='lat' dir='ltr'><strong>esse</strong></span> <span class='ocrx_word' id='word_1_186' title='bbox 440 1547 537 1584; x_wconf 88' lang='lat' dir='ltr'><strong>ante</strong></span> <span class='ocrx_word' id='word_1_187' title='bbox 566 1541 622 1594; x_wconf 93' lang='lat' dir='ltr'><strong>id,</strong></span> <span class='ocrx_word' id='word_1_188' title='bbox 654 1542 764 1596; x_wconf 89' lang='lat' dir='ltr'><strong>quod</strong></span> <span class='ocrx_word' id='word_1_189' title='bbox 796 1554 907 1584; x_wconf 92' lang='lat' dir='ltr'><strong>nunc</strong></span> <span class='ocrx_word' id='word_1_190' title='bbox 934 1542 976 1583; x_wconf 88' lang='lat' dir='ltr'><strong>in</strong></span> <span class='ocrx_word' id='word_1_191' title='bbox 998 1540 1253 1584; x_wconf 89' lang='lat' dir='ltr'><strong>editionibus</strong></span> <span class='ocrx_word' id='word_1_192' title='bbox 1280 1539 1501 1584; x_wconf 79' lang='lat' dir='ltr'><strong>antecedit.</strong></span> <span class='ocrx_word' id='word_1_193' title='bbox 1531 1564 1589 1573; x_wconf 93' lang='lat'><strong>-—</strong></span> <span class='ocrx_word' id='word_1_194' title='bbox 1618 1539 1711 1596; x_wconf 78' lang='grc' dir='ltr'>(κγ’,</span> 
     </span>
     <span class='ocr_line' id='line_1_21' title="bbox 181 1614 1712 1670; baseline -0.002 -12"><span class='ocrx_word' id='word_1_195' title='bbox 181 1617 319 1659; x_wconf 78' lang='lat'>4—5:</span> <span class='ocrx_word' id='word_1_196' title='bbox 372 1618 487 1666; x_wconf 85' lang='lat' dir='ltr'><strong>Quae</strong></span> <span class='ocrx_word' id='word_1_197' title='bbox 516 1617 647 1657; x_wconf 89' lang='lat' dir='ltr'><strong>uerba</strong></span> <span class='ocrx_word' id='word_1_198' title='bbox 678 1617 822 1670; x_wconf 86' lang='lat' dir='ltr'><strong>Polybi</strong></span> <span class='ocrx_word' id='word_1_199' title='bbox 860 1617 902 1656; x_wconf 91' lang='lat' dir='ltr'><strong>in</strong></span> <span class='ocrx_word' id='word_1_200' title='bbox 942 1616 1007 1656; x_wconf 90' lang='lat' dir='ltr'><strong>his</strong></span> <span class='ocrx_word' id='word_1_201' title='bbox 1048 1616 1175 1657; x_wconf 87' lang='lat' dir='ltr'><strong>titulis</strong></span> <span class='ocrx_word' id='word_1_202' title='bbox 1214 1615 1382 1668; x_wconf 84' lang='lat' dir='ltr'><strong>excerpi</strong></span> <span class='ocrx_word' id='word_1_203' title='bbox 1410 1615 1626 1665; x_wconf 86' lang='lat' dir='ltr'><strong>iubentur,</strong></span> <span class='ocrx_word' id='word_1_204' title='bbox 1658 1614 1712 1656; x_wconf 85' lang='lat' dir='ltr'><strong>cf.</strong></span> 
     </span>
     <span class='ocr_line' id='line_1_22' title="bbox 182 1688 1706 1747; baseline -0.003 -11"><span class='ocrx_word' id='word_1_205' title='bbox 182 1691 417 1747; x_wconf 85' lang='lat' dir='ltr'><strong>Schweigh.</strong></span> <span class='ocrx_word' id='word_1_206' title='bbox 445 1691 496 1732; x_wconf 93' lang='lat' dir='ltr'><strong>ad</strong></span> <span class='ocrx_word' id='word_1_207' title='bbox 529 1704 562 1733; x_wconf 93' lang='lat' dir='ltr'><strong>c.</strong></span> <span class='ocrx_word' id='word_1_208' title='bbox 594 1690 657 1743; x_wconf 88' lang='grc'><strong>4.,</strong></span> <span class='ocrx_word' id='word_1_209' title='bbox 688 1691 738 1732; x_wconf 91' lang='lat' dir='ltr'><strong>iis</strong></span> <span class='ocrx_word' id='word_1_210' title='bbox 779 1703 855 1744; x_wconf 91' lang='lat' dir='ltr'><strong>pro</strong></span> <span class='ocrx_word' id='word_1_211' title='bbox 885 1701 1034 1744; x_wconf 85' lang='lat' dir='ltr'><strong>magna</strong></span> <span class='ocrx_word' id='word_1_212' title='bbox 1071 1694 1190 1743; x_wconf 88' lang='lat' dir='ltr'><strong>parte</strong></span> <span class='ocrx_word' id='word_1_213' title='bbox 1232 1700 1333 1730; x_wconf 89' lang='lat' dir='ltr'><strong>usus</strong></span> <span class='ocrx_word' id='word_1_214' title='bbox 1374 1693 1440 1730; x_wconf 89' lang='lat' dir='ltr'><strong>est</strong></span> <span class='ocrx_word' id='word_1_215' title='bbox 1465 1688 1706 1742; x_wconf 86' lang='lat' dir='ltr'>XXXVIIII,</span> 
     </span>
     <span class='ocr_line' id='line_1_23' title="bbox 151 1746 1595 1819; baseline -0.003 -9"><span class='ocrx_word' id='word_1_216' title='bbox 151 1767 154 1772; x_wconf 85' lang='lat'><em>·</em></span> <span class='ocrx_word' id='word_1_217' title='bbox 182 1746 253 1819; x_wconf 60' lang='lat'><strong>24⁴,</strong></span> <span class='ocrx_word' id='word_1_218' title='bbox 291 1767 367 1816; x_wconf 76' lang='lat'><strong>103</strong></span> <span class='ocrx_word' id='word_1_219' title='bbox 399 1764 468 1817; x_wconf 77' lang='lat'><strong>24,</strong></span> <span class='ocrx_word' id='word_1_220' title='bbox 504 1765 686 1816; x_wconf 80' lang='lat'>14—27‚</span> <span class='ocrx_word' id='word_1_221' title='bbox 723 1762 796 1814; x_wconf 81' lang='lat'><strong>14;</strong></span> <span class='ocrx_word' id='word_1_222' title='bbox 827 1764 897 1815; x_wconf 88' lang='lat'><strong>33,</strong></span> <span class='ocrx_word' id='word_1_223' title='bbox 930 1764 956 1805; x_wconf 83' lang='lat'>6</span> <span class='ocrx_word' id='word_1_224' title='bbox 988 1775 1025 1816; x_wconf 83' lang='lat' dir='ltr'><strong>q.</strong></span> <span class='ocrx_word' id='word_1_225' title='bbox 1054 1775 1110 1815; x_wconf 86' lang='lat' dir='ltr'><strong>s.;</strong></span> <span class='ocrx_word' id='word_1_226' title='bbox 1139 1763 1211 1814; x_wconf 86' lang='lat'><strong>35,</strong></span> <span class='ocrx_word' id='word_1_227' title='bbox 1243 1762 1297 1813; x_wconf 84' lang='lat'><strong>6;</strong></span> <span class='ocrx_word' id='word_1_228' title='bbox 1322 1761 1403 1814; x_wconf 74' lang='lat'><strong>343</strong></span> <span class='ocrx_word' id='word_1_229' title='bbox 1433 1763 1505 1814; x_wconf 82' lang='lat'><strong>35,</strong></span> <span class='ocrx_word' id='word_1_230' title='bbox 1534 1762 1595 1813; x_wconf 88' lang='lat'><strong>8).</strong></span> 
     </span>
    </p>

    <p class='ocr_par' dir='ltr' id='par_1_6' title="bbox 180 1836 1718 2417">
     <span class='ocr_line' id='line_1_24' title="bbox 304 1836 1718 1896; baseline -0.003 -14"><span class='ocrx_word' id='word_1_231' title='bbox 304 1837 382 1896; x_wconf 79' lang='grc' dir='ltr'><strong>κγ’,</strong></span> <span class='ocrx_word' id='word_1_232' title='bbox 407 1840 597 1884; x_wconf 77' lang='lat'>11—12:</span> <span class='ocrx_word' id='word_1_233' title='bbox 628 1838 871 1890; x_wconf 89' lang='lat' dir='ltr'>XXXVIIII,</span> <span class='ocrx_word' id='word_1_234' title='bbox 892 1837 962 1880; x_wconf 88' lang='lat'><strong>33.</strong></span> <span class='ocrx_word' id='word_1_235' title='bbox 994 1837 1055 1880; x_wconf 90' lang='lat' dir='ltr'><strong>Ex</strong></span> <span class='ocrx_word' id='word_1_236' title='bbox 1074 1837 1161 1879; x_wconf 90' lang='lat' dir='ltr'><strong>Liu.</strong></span> <span class='ocrx_word' id='word_1_237' title='bbox 1180 1836 1250 1890; x_wconf 88' lang='lat'><strong>33,</strong></span> <span class='ocrx_word' id='word_1_238' title='bbox 1281 1836 1308 1881; x_wconf 91' lang='lat'><strong>3</strong></span> <span class='ocrx_word' id='word_1_239' title='bbox 1336 1836 1593 1893; x_wconf 84' lang='lat' dir='ltr'><strong>intellegitur</strong></span> <span class='ocrx_word' id='word_1_240' title='bbox 1620 1840 1718 1879; x_wconf 84' lang='lat' dir='ltr'><strong>ante</strong></span> 
     </span>
     <span class='ocr_line' id='line_1_25' title="bbox 185 1901 1715 1970; baseline -0.004 -13"><span class='ocrx_word' id='word_1_241' title='bbox 185 1916 427 1970; x_wconf 67' lang='grc' dir='ltr'><strong><em>Περραιβιᾳ</em></strong></span> <span class='ocrx_word' id='word_1_242' title='bbox 461 1916 503 1955; x_wconf 90' lang='lat' dir='ltr'><strong>in</strong></span> <span class='ocrx_word' id='word_1_243' title='bbox 527 1915 611 1955; x_wconf 91' lang='lat' dir='ltr'><strong>Pol.</strong></span> <span class='ocrx_word' id='word_1_244' title='bbox 635 1926 670 1954; x_wconf 86' lang='lat' dir='ltr'><strong>c.</strong></span> <span class='ocrx_word' id='word_1_245' title='bbox 696 1916 761 1964; x_wconf 85' lang='lat'><strong>11,</strong></span> <span class='ocrx_word' id='word_1_246' title='bbox 783 1914 809 1956; x_wconf 89' lang='lat'><strong>3</strong></span> <span class='ocrx_word' id='word_1_247' title='bbox 833 1912 1099 1954; x_wconf 78' lang='lat' dir='ltr'><strong>intercidisse</strong></span> <span class='ocrx_word' id='word_1_248' title='bbox 1138 1909 1378 1967; x_wconf 62' lang='grc' dir='ltr'><em>»Θετταλίᾳ</em></span> <span class='ocrx_word' id='word_1_249' title='bbox 1409 1907 1521 1951; x_wconf 72' lang='grc' dir='ltr'><strong>καί“.</strong></span> <span class='ocrx_word' id='word_1_250' title='bbox 1553 1934 1607 1941; x_wconf 92' lang='lat'><strong>—-</strong></span> <span class='ocrx_word' id='word_1_251' title='bbox 1639 1901 1715 1965; x_wconf 75' lang='grc' dir='ltr'><strong>κγ’,</strong></span> 
     </span>
     <span class='ocr_line' id='line_1_26' title="bbox 185 1983 1708 2041; baseline -0.004 -10"><span class='ocrx_word' id='word_1_252' title='bbox 185 1989 375 2033; x_wconf 81' lang='lat'><strong>13—14:</strong></span> <span class='ocrx_word' id='word_1_253' title='bbox 425 1988 674 2041; x_wconf 88' lang='lat' dir='ltr'>XXXVIIII,</span> <span class='ocrx_word' id='word_1_254' title='bbox 706 1988 894 2040; x_wconf 88' lang='grc'>34-35,</span> <span class='ocrx_word' id='word_1_255' title='bbox 922 1987 962 2031; x_wconf 87' lang='grc'><strong>4.</strong></span> <span class='ocrx_word' id='word_1_256' title='bbox 1024 1986 1110 2030; x_wconf 88' lang='lat' dir='ltr'><strong>Pol.</strong></span> <span class='ocrx_word' id='word_1_257' title='bbox 1145 1985 1220 2039; x_wconf 86' lang='lat'><strong>13,</strong></span> <span class='ocrx_word' id='word_1_258' title='bbox 1254 1986 1391 2039; x_wconf 89' lang='lat'>1—-7,</span> <span class='ocrx_word' id='word_1_259' title='bbox 1421 1985 1491 2027; x_wconf 89' lang='lat' dir='ltr'><strong>ubi</strong></span> <span class='ocrx_word' id='word_1_260' title='bbox 1522 1983 1575 2026; x_wconf 89' lang='lat' dir='ltr'><strong>de</strong></span> <span class='ocrx_word' id='word_1_261' title='bbox 1605 1984 1708 2027; x_wconf 90' lang='lat' dir='ltr'><strong>solis</strong></span> 
     </span>
     <span class='ocr_line' id='line_1_27' title="bbox 189 2059 1707 2124; baseline -0.003 -19"><span class='ocrx_word' id='word_1_262' title='bbox 189 2064 362 2117; x_wconf 89' lang='lat' dir='ltr'><strong>Philippi</strong></span> <span class='ocrx_word' id='word_1_263' title='bbox 391 2064 520 2105; x_wconf 91' lang='lat' dir='ltr'><strong>rebus</strong></span> <span class='ocrx_word' id='word_1_264' title='bbox 552 2065 704 2119; x_wconf 82' lang='lat' dir='ltr'><strong>agitur,</strong></span> <span class='ocrx_word' id='word_1_265' title='bbox 737 2063 853 2104; x_wconf 88' lang='lat' dir='ltr'><strong>Liuio</strong></span> <span class='ocrx_word' id='word_1_266' title='bbox 884 2063 1001 2104; x_wconf 90' lang='lat' dir='ltr'><strong>solus</strong></span> <span class='ocrx_word' id='word_1_267' title='bbox 1032 2062 1126 2102; x_wconf 81' lang='lat' dir='ltr'><strong>fons</strong></span> <span class='ocrx_word' id='word_1_268' title='bbox 1156 2061 1259 2112; x_wconf 83' lang='lat' dir='ltr'><strong>fuit,</strong></span> <span class='ocrx_word' id='word_1_269' title='bbox 1291 2059 1442 2101; x_wconf 84' lang='lat' dir='ltr'><strong>deinde</strong></span> <span class='ocrx_word' id='word_1_270' title='bbox 1472 2060 1707 2124; x_wconf 83' lang='lat' dir='ltr'><strong>accessisse</strong></span> 
     </span>
     <span class='ocr_line' id='line_1_28' title="bbox 181 2132 1710 2188; baseline -0.003 -9"><span class='ocrx_word' id='word_1_271' title='bbox 181 2138 348 2179; x_wconf 87' lang='lat' dir='ltr'><strong>uidetur</strong></span> <span class='ocrx_word' id='word_1_272' title='bbox 393 2138 498 2179; x_wconf 87' lang='lat' dir='ltr'><strong>alter</strong></span> <span class='ocrx_word' id='word_1_273' title='bbox 539 2137 645 2180; x_wconf 84' lang='lat' dir='ltr'><strong>fons.</strong></span> <span class='ocrx_word' id='word_1_274' title='bbox 709 2137 822 2179; x_wconf 85' lang='lat' dir='ltr'><strong>Inter</strong></span> <span class='ocrx_word' id='word_1_275' title='bbox 864 2137 949 2178; x_wconf 91' lang='lat' dir='ltr'><strong>Pol.</strong></span> <span class='ocrx_word' id='word_1_276' title='bbox 995 2136 1073 2188; x_wconf 89' lang='lat'><strong>13,</strong></span> <span class='ocrx_word' id='word_1_277' title='bbox 1113 2135 1139 2179; x_wconf 88' lang='lat'><strong>3</strong></span> <span class='ocrx_word' id='word_1_278' title='bbox 1171 2139 1214 2176; x_wconf 90' lang='lat' dir='ltr'><strong>et</strong></span> <span class='ocrx_word' id='word_1_279' title='bbox 1241 2132 1270 2176; x_wconf 84' lang='lat'><strong>4</strong></span> <span class='ocrx_word' id='word_1_280' title='bbox 1313 2134 1516 2187; x_wconf 86' lang='lat' dir='ltr'><strong>expositio</strong></span> <span class='ocrx_word' id='word_1_281' title='bbox 1562 2132 1710 2175; x_wconf 86' lang='lat' dir='ltr'><strong>consili</strong></span> 
     </span>
     <span class='ocr_line' id='line_1_29' title="bbox 180 2207 1711 2268; baseline -0.004 -13"><span class='ocrx_word' id='word_1_282' title='bbox 180 2212 394 2268; x_wconf 75' lang='lat' dir='ltr'><strong>Philippici</strong></span> <span class='ocrx_word' id='word_1_283' title='bbox 424 2213 577 2267; x_wconf 82' lang='lat' dir='ltr'><strong>scripta</strong></span> <span class='ocrx_word' id='word_1_284' title='bbox 609 2211 738 2254; x_wconf 85' lang='lat' dir='ltr'><strong>fuisse</strong></span> <span class='ocrx_word' id='word_1_285' title='bbox 760 2211 940 2262; x_wconf 88' lang='lat' dir='ltr'><strong>uidetur,</strong></span> <span class='ocrx_word' id='word_1_286' title='bbox 967 2223 1089 2264; x_wconf 83' lang='lat' dir='ltr'><strong>quam</strong></span> <span class='ocrx_word' id='word_1_287' title='bbox 1115 2212 1339 2263; x_wconf 80' lang='lat' dir='ltr'><strong>excerptor</strong></span> <span class='ocrx_word' id='word_1_288' title='bbox 1365 2209 1501 2251; x_wconf 85' lang='lat' dir='ltr'><strong>omisit</strong></span> <span class='ocrx_word' id='word_1_289' title='bbox 1509 2221 1523 2260; x_wconf 79' lang='lat'><em>3</em></span> <span class='ocrx_word' id='word_1_290' title='bbox 1553 2207 1636 2250; x_wconf 88' lang='lat' dir='ltr'><strong>hoc</strong></span> <span class='ocrx_word' id='word_1_291' title='bbox 1667 2211 1711 2249; x_wconf 88' lang='lat' dir='ltr'><strong>et</strong></span> 
     </span>
     <span class='ocr_line' id='line_1_30' title="bbox 182 2279 1713 2343; baseline -0.004 -13"><span class='ocrx_word' id='word_1_292' title='bbox 182 2301 237 2330; x_wconf 85' lang='lat' dir='ltr'><strong>ex</strong></span> <span class='ocrx_word' id='word_1_293' title='bbox 282 2288 424 2343; x_wconf 88' lang='lat' dir='ltr'><strong>Polybi</strong></span> <span class='ocrx_word' id='word_1_294' title='bbox 464 2300 625 2343; x_wconf 83' lang='lat' dir='ltr'><strong>genere</strong></span> <span class='ocrx_word' id='word_1_295' title='bbox 665 2285 864 2329; x_wconf 88' lang='lat' dir='ltr'><strong>narrandi</strong></span> <span class='ocrx_word' id='word_1_296' title='bbox 902 2287 1105 2327; x_wconf 91' lang='lat' dir='ltr'><strong>uniuerso</strong></span> <span class='ocrx_word' id='word_1_297' title='bbox 1143 2289 1185 2326; x_wconf 87' lang='lat' dir='ltr'><strong>et</strong></span> <span class='ocrx_word' id='word_1_298' title='bbox 1221 2297 1275 2326; x_wconf 85' lang='lat' dir='ltr'><strong>ex</strong></span> <span class='ocrx_word' id='word_1_299' title='bbox 1317 2284 1475 2326; x_wconf 85' lang='lat' dir='ltr'><strong>uerbis</strong></span> <span class='ocrx_word' id='word_1_300' title='bbox 1500 2279 1599 2337; x_wconf 77' lang='grc' dir='ltr'><em>περὶ</em></span> <span class='ocrx_word' id='word_1_301' title='bbox 1638 2282 1713 2335; x_wconf 83' lang='grc' dir='ltr'><strong>τῆς</strong></span> 
     </span>
     <span class='ocr_line' id='line_1_31' title="bbox 181 2358 1559 2417; baseline -0.001 -15"><span class='ocrx_word' id='word_1_302' title='bbox 181 2358 371 2417; x_wconf 73' lang='grc' dir='ltr'><em>πράξεως</em></span> <span class='ocrx_word' id='word_1_303' title='bbox 403 2363 555 2415; x_wconf 84' lang='lat' dir='ltr'><strong>elucet,</strong></span> <span class='ocrx_word' id='word_1_304' title='bbox 587 2375 692 2416; x_wconf 85' lang='lat' dir='ltr'><strong>quae</strong></span> <span class='ocrx_word' id='word_1_305' title='bbox 722 2373 835 2403; x_wconf 91' lang='lat' dir='ltr'><strong>nunc</strong></span> <span class='ocrx_word' id='word_1_306' title='bbox 866 2372 949 2403; x_wconf 92' lang='lat' dir='ltr'><strong>non</strong></span> <span class='ocrx_word' id='word_1_307' title='bbox 976 2359 1142 2412; x_wconf 90' lang='lat' dir='ltr'><strong>habent,</strong></span> <span class='ocrx_word' id='word_1_308' title='bbox 1174 2370 1254 2413; x_wconf 91' lang='lat' dir='ltr'><strong>quo</strong></span> <span class='ocrx_word' id='word_1_309' title='bbox 1285 2359 1559 2414; x_wconf 86' lang='lat' dir='ltr'><strong>explicentur.</strong></span> 
     </span>
    </p>

    <p class='ocr_par' dir='ltr' id='par_1_7' title="bbox 179 2433 1713 2787">
     <span class='ocr_line' id='line_1_32' title="bbox 300 2433 1711 2489; baseline -0.009 -5"><span class='ocrx_word' id='word_1_310' title='bbox 300 2434 376 2483; x_wconf 77' lang='grc' dir='ltr'><strong>κδ’,</strong></span> <span class='ocrx_word' id='word_1_311' title='bbox 412 2436 543 2480; x_wconf 83' lang='grc'>1-4;</span> <span class='ocrx_word' id='word_1_312' title='bbox 573 2436 813 2489; x_wconf 91' lang='lat' dir='ltr'>XXXVIIII,</span> <span class='ocrx_word' id='word_1_313' title='bbox 845 2436 915 2488; x_wconf 89' lang='grc'><strong>46,</strong></span> <span class='ocrx_word' id='word_1_314' title='bbox 947 2435 1114 2487; x_wconf 81' lang='grc'>6-48,</span> <span class='ocrx_word' id='word_1_315' title='bbox 1143 2434 1180 2478; x_wconf 92' lang='grc'><strong>4.</strong></span> <span class='ocrx_word' id='word_1_316' title='bbox 1240 2434 1293 2476; x_wconf 85' lang='lat' dir='ltr'><strong>Vt</strong></span> <span class='ocrx_word' id='word_1_317' title='bbox 1322 2434 1413 2475; x_wconf 88' lang='lat' dir='ltr'><strong>fieri</strong></span> <span class='ocrx_word' id='word_1_318' title='bbox 1451 2433 1584 2484; x_wconf 84' lang='lat' dir='ltr'><strong>solet,</strong></span> <span class='ocrx_word' id='word_1_319' title='bbox 1622 2440 1711 2481; x_wconf 71' lang='lat' dir='ltr'><strong>ree,</strong></span> 
     </span>
     <span class='ocr_line' id='line_1_33' title="bbox 179 2507 1712 2566; baseline -0.003 -14"><span class='ocrx_word' id='word_1_320' title='bbox 179 2523 289 2565; x_wconf 84' lang='lat' dir='ltr'><strong>quac</strong></span> <span class='ocrx_word' id='word_1_321' title='bbox 320 2511 478 2553; x_wconf 90' lang='lat' dir='ltr'><strong>Romae</strong></span> <span class='ocrx_word' id='word_1_322' title='bbox 522 2511 564 2550; x_wconf 90' lang='lat' dir='ltr'><strong>in</strong></span> <span class='ocrx_word' id='word_1_323' title='bbox 607 2515 756 2552; x_wconf 89' lang='lat' dir='ltr'><strong>senatu</strong></span> <span class='ocrx_word' id='word_1_324' title='bbox 798 2510 938 2566; x_wconf 88' lang='lat' dir='ltr'><strong>agitur</strong></span> <span class='ocrx_word' id='word_1_325' title='bbox 957 2540 971 2563; x_wconf 83' lang='lat'>,</span> <span class='ocrx_word' id='word_1_326' title='bbox 1006 2509 1143 2550; x_wconf 90' lang='lat' dir='ltr'><strong>minus</strong></span> <span class='ocrx_word' id='word_1_327' title='bbox 1189 2520 1244 2549; x_wconf 87' lang='lat' dir='ltr'><strong>ex</strong></span> <span class='ocrx_word' id='word_1_328' title='bbox 1282 2507 1454 2563; x_wconf 89' lang='lat' dir='ltr'><strong>Polybio</strong></span> <span class='ocrx_word' id='word_1_329' title='bbox 1498 2516 1620 2560; x_wconf 80' lang='lat' dir='ltr'><strong>quam</strong></span> <span class='ocrx_word' id='word_1_330' title='bbox 1658 2514 1712 2545; x_wconf 88' lang='lat' dir='ltr'><strong>ex</strong></span> 
     </span>
     <span class='ocr_line' id='line_1_34' title="bbox 180 2579 1713 2637; baseline -0.004 -10"><span class='ocrx_word' id='word_1_331' title='bbox 180 2586 297 2628; x_wconf 85' lang='lat' dir='ltr'><strong>fonte</strong></span> <span class='ocrx_word' id='word_1_332' title='bbox 340 2586 527 2628; x_wconf 88' lang='lat' dir='ltr'><strong>Romano</strong></span> <span class='ocrx_word' id='word_1_333' title='bbox 573 2590 789 2637; x_wconf 79' lang='lat' dir='ltr'><strong>narratur3</strong></span> <span class='ocrx_word' id='word_1_334' title='bbox 832 2583 1038 2626; x_wconf 83' lang='lat' dir='ltr'><strong>interdum</strong></span> <span class='ocrx_word' id='word_1_335' title='bbox 1079 2594 1185 2624; x_wconf 89' lang='lat' dir='ltr'><strong>uero</strong></span> <span class='ocrx_word' id='word_1_336' title='bbox 1230 2582 1374 2637; x_wconf 88' lang='lat' dir='ltr'><strong>Polybi</strong></span> <span class='ocrx_word' id='word_1_337' title='bbox 1416 2579 1546 2621; x_wconf 85' lang='lat' dir='ltr'><strong>uerba</strong></span> <span class='ocrx_word' id='word_1_338' title='bbox 1589 2589 1713 2621; x_wconf 82' lang='lat' dir='ltr'><strong>uersa</strong></span> 
     </span>
     <span class='ocr_line' id='line_1_35' title="bbox 181 2650 1711 2715; baseline -0.007 -9"><span class='ocrx_word' id='word_1_339' title='bbox 181 2674 277 2706; x_wconf 87' lang='lat' dir='ltr'><strong>esse</strong></span> <span class='ocrx_word' id='word_1_340' title='bbox 300 2662 517 2709; x_wconf 84' lang='lat' dir='ltr'><strong>uidentur,</strong></span> <span class='ocrx_word' id='word_1_341' title='bbox 559 2670 596 2702; x_wconf 85' lang='lat' dir='ltr'><strong>e.</strong></span> <span class='ocrx_word' id='word_1_342' title='bbox 627 2671 667 2715; x_wconf 85' lang='lat' dir='ltr'><strong>g.</strong></span> <span class='ocrx_word' id='word_1_343' title='bbox 699 2670 736 2699; x_wconf 90' lang='lat' dir='ltr'><strong>c.</strong></span> <span class='ocrx_word' id='word_1_344' title='bbox 770 2658 806 2702; x_wconf 89' lang='lat'><strong>1.</strong></span> <span class='ocrx_word' id='word_1_345' title='bbox 841 2680 893 2688; x_wconf 91' lang='lat'>—</span> <span class='ocrx_word' id='word_1_346' title='bbox 936 2653 1016 2706; x_wconf 77' lang='grc' dir='ltr'><strong>κδ’,</strong></span> <span class='ocrx_word' id='word_1_347' title='bbox 1046 2656 1095 2702; x_wconf 89' lang='grc'><strong>6;</strong></span> <span class='ocrx_word' id='word_1_348' title='bbox 1135 2655 1387 2706; x_wconf 88' lang='lat' dir='ltr'>XXXVIIII,</span> <span class='ocrx_word' id='word_1_349' title='bbox 1419 2653 1497 2706; x_wconf 90' lang='lat'><strong>53,</strong></span> <span class='ocrx_word' id='word_1_350' title='bbox 1531 2650 1711 2700; x_wconf 83' lang='lat'>10—14.</span> 
     </span>
     <span class='ocr_line' id='line_1_36' title="bbox 181 2727 1711 2787; baseline -0.004 -9"><span class='ocrx_word' id='word_1_351' title='bbox 181 2760 237 2769; x_wconf 87' lang='lat'><em>-</em></span> <span class='ocrx_word' id='word_1_352' title='bbox 265 2734 346 2786; x_wconf 79' lang='grc' dir='ltr'><strong>κδ’,</strong></span> <span class='ocrx_word' id='word_1_353' title='bbox 376 2735 629 2787; x_wconf 86' lang='lat' dir='ltr'>XXXVIIII,</span> <span class='ocrx_word' id='word_1_354' title='bbox 661 2733 715 2777; x_wconf 85' lang='lat'><strong>53</strong></span> <span class='ocrx_word' id='word_1_355' title='bbox 733 2763 746 2785; x_wconf 89' lang='lat'><strong>‚</strong></span> <span class='ocrx_word' id='word_1_356' title='bbox 776 2734 901 2776; x_wconf 79' lang='lat'><strong>2-7.</strong></span> <span class='ocrx_word' id='word_1_357' title='bbox 962 2731 1027 2773; x_wconf 84' lang='lat' dir='ltr'><strong>Ex</strong></span> <span class='ocrx_word' id='word_1_358' title='bbox 1056 2731 1175 2773; x_wconf 91' lang='lat' dir='ltr'><strong>Liuio</strong></span> <span class='ocrx_word' id='word_1_359' title='bbox 1221 2731 1419 2783; x_wconf 81' lang='lat' dir='ltr'><strong>apparet,</strong></span> <span class='ocrx_word' id='word_1_360' title='bbox 1455 2727 1536 2771; x_wconf 88' lang='lat' dir='ltr'><strong>hoc</strong></span> <span class='ocrx_word' id='word_1_361' title='bbox 1565 2728 1711 2784; x_wconf 87' lang='lat' dir='ltr'><strong>Polybi</strong></span> 
     </span>
    </p>
   </div>
  </div>
 </body>
</html>
